%% This BibTeX bibliography file was created using BibDesk.
%% http://bibdesk.sourceforge.net/


%% Created for Chris at 2016-01-21 14:21:27 -0700 


%% Saved with string encoding Unicode (UTF-8) 



@article{bastian06,
	Adsnote = {Provided by the SAO/NASA Astrophysics Data System},
	Adsurl = {http://adsabs.harvard.edu/abs/2006A%26A...448..881B},
	Author = {{Bastian}, N. and {Saglia}, R.~P. and {Goudfrooij}, P. and {Kissler-Patig}, M. and {Maraston}, C. and {Schweizer}, F. and {Zoccali}, M.},
	Doi = {10.1051/0004-6361:20054177},
	Eprint = {astro-ph/0511033},
	Journal = {\aap},
	Keywords = {galaxies: star clusters, galaxies: interactions, galaxies: individual: NGC 1316, galaxies: individual: NGC 7252},
	Month = mar,
	Pages = {881-891},
	Title = {{Dynamical mass estimates for two luminous star clusters in galactic merger remnants}},
	Volume = 448,
	Year = 2006,
	Bdsk-Url-1 = {http://dx.doi.org/10.1051/0004-6361:20054177}}

@article{baumgardt08,
	Adsnote = {Provided by the SAO/NASA Astrophysics Data System},
	Adsurl = {http://adsabs.harvard.edu/abs/2008MNRAS.391..942B},
	Archiveprefix = {arXiv},
	Author = {{Baumgardt}, H. and {Mieske}, S.},
	Doi = {10.1111/j.1365-2966.2008.13949.x},
	Eprint = {0809.2783},
	Journal = {\mnras},
	Keywords = {stellar dynamics , methods: N-body simulations , galaxies: star clusters},
	Month = dec,
	Pages = {942-948},
	Title = {{High mass-to-light ratios of ultra-compact dwarf galaxies - evidence for dark matter?}},
	Volume = 391,
	Year = 2008,
	Bdsk-File-1 = {YnBsaXN0MDDUAQIDBAUGJCVYJHZlcnNpb25YJG9iamVjdHNZJGFyY2hpdmVyVCR0b3ASAAGGoKgHCBMUFRYaIVUkbnVsbNMJCgsMDxJXTlMua2V5c1pOUy5vYmplY3RzViRjbGFzc6INDoACgAOiEBGABIAFgAdccmVsYXRpdmVQYXRoWWFsaWFzRGF0YV8QFy4uL3BhcGVycy9iYXVtZ2FyZHQucGRm0hcLGBlXTlMuZGF0YU8RAXYAAAAAAXYAAgAADE1hY2ludG9zaCBIRAAAAAAAAAAAAAAAAAAAAMuYjwdIKwAAAdsi+Q1iYXVtZ2FyZHQucGRmAAAAAAAAAAAAAAAAAAAAAAAAAAAAAAAAAAAAAAAAAAAAAAAAAAAAAAAAAAAAAAAAAAACGGC+0m9bJQAAAAAAAAAAAAEAAgAACSAAAAAAAAAAAAAAAAAAAAAGcGFwZXJzABAACAAAy5jjZwAAABEACAAA0m+9lQAAAAEADAHbIvkABca/AAC6qwACADNNYWNpbnRvc2ggSEQ6VXNlcnM6AGNocmlzYWhuOgBwYXBlcnM6AGJhdW1nYXJkdC5wZGYAAA4AHAANAGIAYQB1AG0AZwBhAHIAZAB0AC4AcABkAGYADwAaAAwATQBhAGMAaQBuAHQAbwBzAGgAIABIAEQAEgAjVXNlcnMvY2hyaXNhaG4vcGFwZXJzL2JhdW1nYXJkdC5wZGYAABMAAS8AABUAAgAP//8AAIAG0hscHR5aJGNsYXNzbmFtZVgkY2xhc3Nlc11OU011dGFibGVEYXRhox0fIFZOU0RhdGFYTlNPYmplY3TSGxwiI1xOU0RpY3Rpb25hcnmiIiBfEA9OU0tleWVkQXJjaGl2ZXLRJidUcm9vdIABAAgAEQAaACMALQAyADcAQABGAE0AVQBgAGcAagBsAG4AcQBzAHUAdwCEAI4AqACtALUCLwIxAjYCQQJKAlgCXAJjAmwCcQJ+AoECkwKWApsAAAAAAAACAQAAAAAAAAAoAAAAAAAAAAAAAAAAAAACnQ==},
	Bdsk-Url-1 = {http://dx.doi.org/10.1111/j.1365-2966.2008.13949.x}}
@ARTICLE{baumgardt17,
   author = {{Baumgardt}, H.},
    title = "{N -body modelling of globular clusters: masses, mass-to-light ratios and intermediate-mass black holes}",
  journal = {\mnras},
archivePrefix = "arXiv",
   eprint = {1609.08794},
 keywords = {stars: luminosity function, mass function, globular clusters: general, globular clusters: individual: {$\omega$} Cen},
     year = 2017,
    month = jan,
   volume = 464,
    pages = {2174-2202},
      doi = {10.1093/mnras/stw2488},
   adsurl = {http://adsabs.harvard.edu/abs/2017MNRAS.464.2174B},
  adsnote = {Provided by the SAO/NASA Astrophysics Data System}
}

@ARTICLE{bekki01,
   author = {{Bekki}, K. and {Couch}, W.~J. and {Drinkwater}, M.~J.},
    title = "{Galaxy Threshing and the Formation of Ultracompact Dwarf Galaxies}",
  journal = {\apjl},
   eprint = {astro-ph/0106402},
 keywords = {Galaxies: Clusters: General, Galaxies: Dwarf, Galaxies: Elliptical and Lenticular, cD, Galaxies: Formation, Galaxies: Interactions},
     year = 2001,
    month = may,
   volume = 552,
    pages = {L105-L108},
      doi = {10.1086/320339},
   adsurl = {http://adsabs.harvard.edu/abs/2001ApJ...552L.105B},
  adsnote = {Provided by the SAO/NASA Astrophysics Data System}
}
@ARTICLE{bekki03,
   author = {{Bekki}, K. and {Couch}, W.~J. and {Drinkwater}, M.~J. and {Shioya}, Y.
	},
    title = "{Galaxy threshing and the origin of ultra-compact dwarf galaxies in the Fornax cluster}",
  journal = {\mnras},
   eprint = {astro-ph/0308243},
 keywords = {galaxies: clusters: general, galaxies: clusters: individual: Fornax, galaxies: dwarf, galaxies: elliptical and lenticular, cD, galaxies: formation, galaxies: interactions},
     year = 2003,
    month = sep,
   volume = 344,
    pages = {399-411},
      doi = {10.1046/j.1365-8711.2003.06916.x},
   adsurl = {http://adsabs.harvard.edu/abs/2003MNRAS.344..399B},
  adsnote = {Provided by the SAO/NASA Astrophysics Data System}
}

@article{bell03,
	Adsnote = {Provided by the SAO/NASA Astrophysics Data System},
	Adsurl = {http://adsabs.harvard.edu/abs/2003ApJS..149..289B},
	Author = {{Bell}, E.~F. and {McIntosh}, D.~H. and {Katz}, N. and {Weinberg}, M.~D.},
	Doi = {10.1086/378847},
	Eprint = {astro-ph/0302543},
	Journal = {\apjs},
	Keywords = {Galaxies: Evolution, Galaxies: General, Galaxies: Luminosity Function, Mass Function, Galaxies: Stellar Content},
	Month = dec,
	Pages = {289-312},
	Title = {{The Optical and Near-Infrared Properties of Galaxies. I. Luminosity and Stellar Mass Functions}},
	Volume = 149,
	Year = 2003,
	Bdsk-File-1 = {YnBsaXN0MDDUAQIDBAUGJCVYJHZlcnNpb25YJG9iamVjdHNZJGFyY2hpdmVyVCR0b3ASAAGGoKgHCBMUFRYaIVUkbnVsbNMJCgsMDxJXTlMua2V5c1pOUy5vYmplY3RzViRjbGFzc6INDoACgAOiEBGABIAFgAdccmVsYXRpdmVQYXRoWWFsaWFzRGF0YV8QGi4uL0Rvd25sb2Fkcy81Nzc2Mi53ZWIucGRm0hcLGBlXTlMuZGF0YU8RAX4AAAAAAX4AAgAADE1hY2ludG9zaCBIRAAAAAAAAAAAAAAAAAAAAMuYjwdIKwAAAAXHIg01Nzc2Mi53ZWIucGRmAAAAAAAAAAAAAAAAAAAAAAAAAAAAAAAAAAAAAAAAAAAAAAAAAAAAAAAAAAAAAAAAAAAB0rAj0e+GnAAAAAAAAAAAAAEAAgAACSAAAAAAAAAAAAAAAAAAAAAJRG93bmxvYWRzAAAQAAgAAMuY42cAAAARAAgAANHv2vwAAAABAAwABcciAAXGvwAAuqsAAgA2TWFjaW50b3NoIEhEOlVzZXJzOgBjaHJpc2FobjoARG93bmxvYWRzOgA1Nzc2Mi53ZWIucGRmAA4AHAANADUANwA3ADYAMgAuAHcAZQBiAC4AcABkAGYADwAaAAwATQBhAGMAaQBuAHQAbwBzAGgAIABIAEQAEgAmVXNlcnMvY2hyaXNhaG4vRG93bmxvYWRzLzU3NzYyLndlYi5wZGYAEwABLwAAFQACAA///wAAgAbSGxwdHlokY2xhc3NuYW1lWCRjbGFzc2VzXU5TTXV0YWJsZURhdGGjHR8gVk5TRGF0YVhOU09iamVjdNIbHCIjXE5TRGljdGlvbmFyeaIiIF8QD05TS2V5ZWRBcmNoaXZlctEmJ1Ryb290gAEACAARABoAIwAtADIANwBAAEYATQBVAGAAZwBqAGwAbgBxAHMAdQB3AIQAjgCrALAAuAI6AjwCQQJMAlUCYwJnAm4CdwJ8AokCjAKeAqECpgAAAAAAAAIBAAAAAAAAACgAAAAAAAAAAAAAAAAAAAKo},
	Bdsk-File-2 = {YnBsaXN0MDDUAQIDBAUGJCVYJHZlcnNpb25YJG9iamVjdHNZJGFyY2hpdmVyVCR0b3ASAAGGoKgHCBMUFRYaIVUkbnVsbNMJCgsMDxJXTlMua2V5c1pOUy5vYmplY3RzViRjbGFzc6INDoACgAOiEBGABIAFgAdccmVsYXRpdmVQYXRoWWFsaWFzRGF0YV8QFS4uL3BhcGVycy9iZWxsXzAzLnBkZtIXCxgZV05TLmRhdGFPEQFuAAAAAAFuAAIAAAxNYWNpbnRvc2ggSEQAAAAAAAAAAAAAAAAAAADLmI8HSCsAAAHbIvkLYmVsbF8wMy5wZGYAAAAAAAAAAAAAAAAAAAAAAAAAAAAAAAAAAAAAAAAAAAAAAAAAAAAAAAAAAAAAAAAAAAAAAdsmNdIB/Y0AAAAAAAAAAAABAAIAAAkgAAAAAAAAAAAAAAAAAAAABnBhcGVycwAQAAgAAMuY42cAAAARAAgAANICUe0AAAABAAwB2yL5AAXGvwAAuqsAAgAxTWFjaW50b3NoIEhEOlVzZXJzOgBjaHJpc2FobjoAcGFwZXJzOgBiZWxsXzAzLnBkZgAADgAYAAsAYgBlAGwAbABfADAAMwAuAHAAZABmAA8AGgAMAE0AYQBjAGkAbgB0AG8AcwBoACAASABEABIAIVVzZXJzL2NocmlzYWhuL3BhcGVycy9iZWxsXzAzLnBkZgAAEwABLwAAFQACAA///wAAgAbSGxwdHlokY2xhc3NuYW1lWCRjbGFzc2VzXU5TTXV0YWJsZURhdGGjHR8gVk5TRGF0YVhOU09iamVjdNIbHCIjXE5TRGljdGlvbmFyeaIiIF8QD05TS2V5ZWRBcmNoaXZlctEmJ1Ryb290gAEACAARABoAIwAtADIANwBAAEYATQBVAGAAZwBqAGwAbgBxAHMAdQB3AIQAjgCmAKsAswIlAicCLAI3AkACTgJSAlkCYgJnAnQCdwKJAowCkQAAAAAAAAIBAAAAAAAAACgAAAAAAAAAAAAAAAAAAAKT},
	Bdsk-Url-1 = {http://dx.doi.org/10.1086/378847}}
@INPROCEEDINGS{boccas06,
   author = {{Boccas}, M. and {Rigaut}, F. and {Bec}, M. and {Irarrazaval}, B. and 
	{James}, E. and {Ebbers}, A. and {d'Orgeville}, C. and {Grace}, K. and 
	{Arriagada}, G. and {Karewicz}, S. and {Sheehan}, M. and {White}, J. and 
	{Chan}, S.},
    title = "{Laser guide star upgrade of Altair at Gemini North}",
booktitle = {Society of Photo-Optical Instrumentation Engineers (SPIE) Conference Series},
     year = 2006,
   series = {\procspie},
   volume = 6272,
    month = jun,
      eid = {62723L},
    pages = {62723L},
      doi = {10.1117/12.670842},
   adsurl = {http://adsabs.harvard.edu/abs/2006SPIE.6272E..3LB},
  adsnote = {Provided by the SAO/NASA Astrophysics Data System}
}

@ARTICLE{bressan12,
   author = {{Bressan}, A. and {Marigo}, P. and {Girardi}, L. and {Salasnich}, B. and 
	{Dal Cero}, C. and {Rubele}, S. and {Nanni}, A.},
    title = "{PARSEC: stellar tracks and isochrones with the PAdova and TRieste Stellar Evolution Code}",
  journal = {\mnras},
archivePrefix = "arXiv",
   eprint = {1208.4498},
 primaryClass = "astro-ph.SR",
 keywords = {stars: evolution, Hertzsprung{\dash}Russell and colour magnitude diagrams, stars: interiors, stars: low-mass},
     year = 2012,
    month = nov,
   volume = 427,
    pages = {127-145},
      doi = {10.1111/j.1365-2966.2012.21948.x},
   adsurl = {http://adsabs.harvard.edu/abs/2012MNRAS.427..127B},
  adsnote = {Provided by the SAO/NASA Astrophysics Data System}
}

@article{brodie11,
	Adsnote = {Provided by the SAO/NASA Astrophysics Data System},
	Adsurl = {http://adsabs.harvard.edu/abs/2011AJ....142..199B},
	Archiveprefix = {arXiv},
	Author = {{Brodie}, J.~P. and {Romanowsky}, A.~J. and {Strader}, J. and {Forbes}, D.~A.},
	Doi = {10.1088/0004-6256/142/6/199},
	Eid = {199},
	Eprint = {1109.5696},
	Journal = {\aj},
	Keywords = {galaxies: dwarf, galaxies: individual: M87, galaxies: nuclei, galaxies: star clusters: general, galaxies: structure, globular clusters: general},
	Month = dec,
	Pages = {199},
	Primaryclass = {astro-ph.CO},
	Title = {{The Relationships among Compact Stellar Systems: A Fresh View of Ultracompact Dwarfs}},
	Volume = 142,
	Year = 2011,
	Bdsk-Url-1 = {http://dx.doi.org/10.1088/0004-6256/142/6/199}}

@article{bruzual03,
	Adsnote = {Provided by the SAO/NASA Astrophysics Data System},
	Adsurl = {http://adsabs.harvard.edu/abs/2003MNRAS.344.1000B},
	Author = {{Bruzual}, G. and {Charlot}, S.},
	Doi = {10.1046/j.1365-8711.2003.06897.x},
	Eprint = {astro-ph/0309134},
	Journal = {\mnras},
	Keywords = {stars: evolution, galaxies: evolution, galaxies: formation, galaxies: stellar content},
	Month = oct,
	Pages = {1000-1028},
	Title = {{Stellar population synthesis at the resolution of 2003}},
	Volume = 344,
	Year = 2003,
	Bdsk-Url-1 = {http://dx.doi.org/10.1046/j.1365-8711.2003.06897.x}}

@article{cappellari02,
	Adsnote = {Provided by the SAO/NASA Astrophysics Data System},
	Adsurl = {http://adsabs.harvard.edu/abs/2002MNRAS.333..400C},
	Author = {{Cappellari}, M.},
	Doi = {10.1046/j.1365-8711.2002.05412.x},
	Eprint = {astro-ph/0201430},
	Journal = {\mnras},
	Keywords = {stellar dynamics, techniques: image processing, galaxies: kinematics and dynamics, galaxies: photometry, galaxies: structure},
	Month = jun,
	Pages = {400-410},
	Title = {{Efficient multi-Gaussian expansion of galaxies}},
	Volume = 333,
	Year = 2002,
	Bdsk-File-1 = {YnBsaXN0MDDUAQIDBAUGJCVYJHZlcnNpb25YJG9iamVjdHNZJGFyY2hpdmVyVCR0b3ASAAGGoKgHCBMUFRYaIVUkbnVsbNMJCgsMDxJXTlMua2V5c1pOUy5vYmplY3RzViRjbGFzc6INDoACgAOiEBGABIAFgAdccmVsYXRpdmVQYXRoWWFsaWFzRGF0YV8QJC4uL0Rvd25sb2Fkcy8yMDAyTU5SQVNfMzMzX180MDBDLnBkZtIXCxgZV05TLmRhdGFPEQGmAAAAAAGmAAIAAAxNYWNpbnRvc2ggSEQAAAAAAAAAAAAAAAAAAADLmI8HSCsAAAAFxyIXMjAwMk1OUkFTXzMzM19fNDAwQy5wZGYAAAAAAAAAAAAAAAAAAAAAAAAAAAAAAAAAAAAAAAAAAAAAAAAAAAAAAcyOfNHeXBUAAAAAAAAAAAABAAIAAAkgAAAAAAAAAAAAAAAAAAAACURvd25sb2FkcwAAEAAIAADLmONnAAAAEQAIAADR3rB1AAAAAQAMAAXHIgAFxr8AALqrAAIAQE1hY2ludG9zaCBIRDpVc2VyczoAY2hyaXNhaG46AERvd25sb2FkczoAMjAwMk1OUkFTXzMzM19fNDAwQy5wZGYADgAwABcAMgAwADAAMgBNAE4AUgBBAFMAXwAzADMAMwBfAF8ANAAwADAAQwAuAHAAZABmAA8AGgAMAE0AYQBjAGkAbgB0AG8AcwBoACAASABEABIAMFVzZXJzL2NocmlzYWhuL0Rvd25sb2Fkcy8yMDAyTU5SQVNfMzMzX180MDBDLnBkZgATAAEvAAAVAAIAD///AACABtIbHB0eWiRjbGFzc25hbWVYJGNsYXNzZXNdTlNNdXRhYmxlRGF0YaMdHyBWTlNEYXRhWE5TT2JqZWN00hscIiNcTlNEaWN0aW9uYXJ5oiIgXxAPTlNLZXllZEFyY2hpdmVy0SYnVHJvb3SAAQAIABEAGgAjAC0AMgA3AEAARgBNAFUAYABnAGoAbABuAHEAcwB1AHcAhACOALUAugDCAmwCbgJzAn4ChwKVApkCoAKpAq4CuwK+AtAC0wLYAAAAAAAAAgEAAAAAAAAAKAAAAAAAAAAAAAAAAAAAAto=},
	Bdsk-File-2 = {YnBsaXN0MDDUAQIDBAUGJCVYJHZlcnNpb25YJG9iamVjdHNZJGFyY2hpdmVyVCR0b3ASAAGGoKgHCBMUFRYaIVUkbnVsbNMJCgsMDxJXTlMua2V5c1pOUy5vYmplY3RzViRjbGFzc6INDoACgAOiEBGABIAFgAdccmVsYXRpdmVQYXRoWWFsaWFzRGF0YV8QGy4uL3BhcGVycy9jYXBwZWxsYXJpXzAyLnBkZtIXCxgZV05TLmRhdGFPEQGGAAAAAAGGAAIAAAxNYWNpbnRvc2ggSEQAAAAAAAAAAAAAAAAAAADLmI8HSCsAAAHbIvkRY2FwcGVsbGFyaV8wMi5wZGYAAAAAAAAAAAAAAAAAAAAAAAAAAAAAAAAAAAAAAAAAAAAAAAAAAAAAAAAAAAAAAdsnctIB/dMAAAAAAAAAAAABAAIAAAkgAAAAAAAAAAAAAAAAAAAABnBhcGVycwAQAAgAAMuY42cAAAARAAgAANICUjMAAAABAAwB2yL5AAXGvwAAuqsAAgA3TWFjaW50b3NoIEhEOlVzZXJzOgBjaHJpc2FobjoAcGFwZXJzOgBjYXBwZWxsYXJpXzAyLnBkZgAADgAkABEAYwBhAHAAcABlAGwAbABhAHIAaQBfADAAMgAuAHAAZABmAA8AGgAMAE0AYQBjAGkAbgB0AG8AcwBoACAASABEABIAJ1VzZXJzL2NocmlzYWhuL3BhcGVycy9jYXBwZWxsYXJpXzAyLnBkZgAAEwABLwAAFQACAA///wAAgAbSGxwdHlokY2xhc3NuYW1lWCRjbGFzc2VzXU5TTXV0YWJsZURhdGGjHR8gVk5TRGF0YVhOU09iamVjdNIbHCIjXE5TRGljdGlvbmFyeaIiIF8QD05TS2V5ZWRBcmNoaXZlctEmJ1Ryb290gAEACAARABoAIwAtADIANwBAAEYATQBVAGAAZwBqAGwAbgBxAHMAdQB3AIQAjgCsALEAuQJDAkUCSgJVAl4CbAJwAncCgAKFApIClQKnAqoCrwAAAAAAAAIBAAAAAAAAACgAAAAAAAAAAAAAAAAAAAKx},
	Bdsk-Url-1 = {http://dx.doi.org/10.1046/j.1365-8711.2002.05412.x}}
@ARTICLE{cappellari03,
   author = {{Cappellari}, M. and {Copin}, Y.},
    title = "{Adaptive spatial binning of integral-field spectroscopic data using Voronoi tessellations}",
  journal = {\mnras},
   eprint = {astro-ph/0302262},
 keywords = {methods: data analysis, techniques: photometric, techniques: spectroscopic},
     year = 2003,
    month = jun,
   volume = 342,
    pages = {345-354},
      doi = {10.1046/j.1365-8711.2003.06541.x},
   adsurl = {http://adsabs.harvard.edu/abs/2003MNRAS.342..345C},
  adsnote = {Provided by the SAO/NASA Astrophysics Data System}
}
@ARTICLE{cappellari04,
   author = {{Cappellari}, M. and {Emsellem}, E.},
    title = "{Parametric Recovery of Line-of-Sight Velocity Distributions from Absorption-Line Spectra of Galaxies via Penalized Likelihood}",
  journal = {\pasp},
   eprint = {astro-ph/0312201},
 keywords = {Galaxies: Individual: NGC Number: NGC 3384, Galaxies: Kinematics and Dynamics, line: profiles, Methods: Numerical},
     year = 2004,
    month = feb,
   volume = 116,
    pages = {138-147},
      doi = {10.1086/381875},
   adsurl = {http://adsabs.harvard.edu/abs/2004PASP..116..138C},
  adsnote = {Provided by the SAO/NASA Astrophysics Data System}
}

@article{cappellari08,
	Adsnote = {Provided by the SAO/NASA Astrophysics Data System},
	Adsurl = {http://adsabs.harvard.edu/abs/2008MNRAS.390...71C},
	Archiveprefix = {arXiv},
	Author = {{Cappellari}, M.},
	Doi = {10.1111/j.1365-2966.2008.13754.x},
	Eprint = {0806.0042},
	Journal = {\mnras},
	Keywords = {galaxies: elliptical and lenticular, cD , galaxies: evolution , galaxies: formation , galaxies: kinematics and dynamics , galaxies: structure},
	Month = oct,
	Pages = {71-86},
	Title = {{Measuring the inclination and mass-to-light ratio of axisymmetric galaxies via anisotropic Jeans models of stellar kinematics}},
	Volume = 390,
	Year = 2008,
	Bdsk-Url-1 = {http://dx.doi.org/10.1111/j.1365-2966.2008.13754.x}}
@ARTICLE{cappellari09,
   author = {{Cappellari}, M. and {Neumayer}, N. and {Reunanen}, J. and {van der Werf}, P.~P. and 
	{de Zeeuw}, P.~T. and {Rix}, H.-W.},
    title = "{The mass of the black hole in Centaurus A from SINFONI AO-assisted integral-field observations of stellar kinematics}",
  journal = {\mnras},
archivePrefix = "arXiv",
   eprint = {0812.1000},
 keywords = {black hole physics , instrumentation: adaptive optics , galaxies: elliptical and lenticular, cD , galaxies: individual: NGC 5128 , galaxies: kinematics and dynamics},
     year = 2009,
    month = apr,
   volume = 394,
    pages = {660-674},
      doi = {10.1111/j.1365-2966.2008.14377.x},
   adsurl = {http://adsabs.harvard.edu/abs/2009MNRAS.394..660C},
  adsnote = {Provided by the SAO/NASA Astrophysics Data System}
}
@INPROCEEDINGS{cappellari10,
   author = {{Cappellari}, M. and {McDermid}, R.~M. and {Bacon}, R. and {Davies}, R.~L. and 
	{de Zeeuw}, P.~T. and {Emsellem}, E. and {Falc{\'o}n-Barroso}, J. and 
	{Krajnovi{\'c}}, D. and {Kuntschner}, H. and {Peletier}, R.~F. and 
	{Sarzi}, M. and {van den Bosch}, R.~C.~E. and {van de Ven}, G.
	},
    title = "{Testing Mass Determinations of Supermassive Black Holes via Stellar Kinematics}",
 keywords = {black holes, mass measurement, merging, adaptive optics, Galactic nuclei circumnuclear matter and bulges, Masses and mass distribution, Galaxy mergers collisions and tidal interactions, Adaptive and segmented optics},
booktitle = {American Institute of Physics Conference Series},
     year = 2010,
   series = {American Institute of Physics Conference Series},
   volume = 1240,
archivePrefix = "arXiv",
   eprint = {1001.3233},
   editor = {{Debattista}, V.~P. and {Popescu}, C.~C.},
    month = jun,
    pages = {211-214},
      doi = {10.1063/1.3458489},
   adsurl = {http://adsabs.harvard.edu/abs/2010AIPC.1240..211C},
  adsnote = {Provided by the SAO/NASA Astrophysics Data System}
}

@article{chilingarian08,
	Adsnote = {Provided by the SAO/NASA Astrophysics Data System},
	Adsurl = {http://adsabs.harvard.edu/abs/2008MNRAS.390..906C},
	Archiveprefix = {arXiv},
	Author = {{Chilingarian}, I.~V. and {Cayatte}, V. and {Bergond}, G.},
	Doi = {10.1111/j.1365-2966.2008.13845.x},
	Eprint = {0808.0320},
	Journal = {\mnras},
	Keywords = {galaxies: dwarf , galaxies: elliptical and lenticular, cD , galaxies: evolution , galaxies: kinematics and dynamics , galaxies: stellar content},
	Month = nov,
	Pages = {906-912},
	Title = {{Stellar population constraints on the dark matter content and origin of ultra-compact dwarf galaxies}},
	Volume = 390,
	Year = 2008,
	Bdsk-File-1 = {YnBsaXN0MDDUAQIDBAUGJCVYJHZlcnNpb25YJG9iamVjdHNZJGFyY2hpdmVyVCR0b3ASAAGGoKgHCBMUFRYaIVUkbnVsbNMJCgsMDxJXTlMua2V5c1pOUy5vYmplY3RzViRjbGFzc6INDoACgAOiEBGABIAFgAdccmVsYXRpdmVQYXRoWWFsaWFzRGF0YV8QHC4uL3BhcGVycy9jaGlsaW5nYXJpYW4wOC5wZGbSFwsYGVdOUy5kYXRhTxEBiAAAAAABiAACAAAMTWFjaW50b3NoIEhEAAAAAAAAAAAAAAAAAAAAy5iPB0grAAAB2yL5EmNoaWxpbmdhcmlhbjA4LnBkZgAAAAAAAAAAAAAAAAAAAAAAAAAAAAAAAAAAAAAAAAAAAAAAAAAAAAAAAAAAAAI2TQfSxpjXAAAAAAAAAAAAAQACAAAJIAAAAAAAAAAAAAAAAAAAAAZwYXBlcnMAEAAIAADLmONnAAAAEQAIAADSxvtHAAAAAQAMAdsi+QAFxr8AALqrAAIAOE1hY2ludG9zaCBIRDpVc2VyczoAY2hyaXNhaG46AHBhcGVyczoAY2hpbGluZ2FyaWFuMDgucGRmAA4AJgASAGMAaABpAGwAaQBuAGcAYQByAGkAYQBuADAAOAAuAHAAZABmAA8AGgAMAE0AYQBjAGkAbgB0AG8AcwBoACAASABEABIAKFVzZXJzL2NocmlzYWhuL3BhcGVycy9jaGlsaW5nYXJpYW4wOC5wZGYAEwABLwAAFQACAA///wAAgAbSGxwdHlokY2xhc3NuYW1lWCRjbGFzc2VzXU5TTXV0YWJsZURhdGGjHR8gVk5TRGF0YVhOU09iamVjdNIbHCIjXE5TRGljdGlvbmFyeaIiIF8QD05TS2V5ZWRBcmNoaXZlctEmJ1Ryb290gAEACAARABoAIwAtADIANwBAAEYATQBVAGAAZwBqAGwAbgBxAHMAdQB3AIQAjgCtALIAugJGAkgCTQJYAmECbwJzAnoCgwKIApUCmAKqAq0CsgAAAAAAAAIBAAAAAAAAACgAAAAAAAAAAAAAAAAAAAK0},
	Bdsk-Url-1 = {http://dx.doi.org/10.1111/j.1365-2966.2008.13845.x}}

@article{chilingarianmamon08,
	Adsnote = {Provided by the SAO/NASA Astrophysics Data System},
	Adsurl = {http://adsabs.harvard.edu/abs/2008MNRAS.385L..83C},
	Archiveprefix = {arXiv},
	Author = {{Chilingarian}, I.~V. and {Mamon}, G.~A.},
	Doi = {10.1111/j.1745-3933.2008.00438.x},
	Eprint = {0712.2724},
	Journal = {\mnras},
	Keywords = {galaxies: dwarf, galaxies: elliptical and lenticular, cD, galaxies: evolution, galaxies: kinematics and dynamics, galaxies: stellar content},
	Month = mar,
	Pages = {L83-L87},
	Title = {{SDSSJ124155.33+114003.7 - a missing link between compact elliptical and ultracompact dwarf galaxies}},
	Volume = 385,
	Year = 2008,
	Bdsk-Url-1 = {http://dx.doi.org/10.1111/j.1745-3933.2008.00438.x},
	Bdsk-File-1 = {YnBsaXN0MDDUAQIDBAUGJCVYJHZlcnNpb25YJG9iamVjdHNZJGFyY2hpdmVyVCR0b3ASAAGGoKgHCBMUFRYaIVUkbnVsbNMJCgsMDxJXTlMua2V5c1pOUy5vYmplY3RzViRjbGFzc6INDoACgAOiEBGABIAFgAdccmVsYXRpdmVQYXRoWWFsaWFzRGF0YV8QIS4uL3BhcGVycy9jaGlsaW5nYXJpYW5tYW1vbjA4LnBkZtIXCxgZV05TLmRhdGFPEQGeAAAAAAGeAAIAAAxNYWNpbnRvc2ggSEQAAAAAAAAAAAAAAAAAAADLmI8HSCsAAAHbIvkXY2hpbGluZ2FyaWFubWFtb24wOC5wZGYAAAAAAAAAAAAAAAAAAAAAAAAAAAAAAAAAAAAAAAAAAAAAAAAAAAAAAjZO/NLGmXAAAAAAAAAAAAABAAIAAAkgAAAAAAAAAAAAAAAAAAAABnBhcGVycwAQAAgAAMuY42cAAAARAAgAANLG++AAAAABAAwB2yL5AAXGvwAAuqsAAgA9TWFjaW50b3NoIEhEOlVzZXJzOgBjaHJpc2FobjoAcGFwZXJzOgBjaGlsaW5nYXJpYW5tYW1vbjA4LnBkZgAADgAwABcAYwBoAGkAbABpAG4AZwBhAHIAaQBhAG4AbQBhAG0AbwBuADAAOAAuAHAAZABmAA8AGgAMAE0AYQBjAGkAbgB0AG8AcwBoACAASABEABIALVVzZXJzL2NocmlzYWhuL3BhcGVycy9jaGlsaW5nYXJpYW5tYW1vbjA4LnBkZgAAEwABLwAAFQACAA///wAAgAbSGxwdHlokY2xhc3NuYW1lWCRjbGFzc2VzXU5TTXV0YWJsZURhdGGjHR8gVk5TRGF0YVhOU09iamVjdNIbHCIjXE5TRGljdGlvbmFyeaIiIF8QD05TS2V5ZWRBcmNoaXZlctEmJ1Ryb290gAEACAARABoAIwAtADIANwBAAEYATQBVAGAAZwBqAGwAbgBxAHMAdQB3AIQAjgCyALcAvwJhAmMCaAJzAnwCigKOApUCngKjArACswLFAsgCzQAAAAAAAAIBAAAAAAAAACgAAAAAAAAAAAAAAAAAAALP}}

@article{conroy12,
	Adsnote = {Provided by the SAO/NASA Astrophysics Data System},
	Adsurl = {http://adsabs.harvard.edu/abs/2012ApJ...760...71C},
	Archiveprefix = {arXiv},
	Author = {{Conroy}, C. and {van Dokkum}, P.~G.},
	Doi = {10.1088/0004-637X/760/1/71},
	Eid = {71},
	Eprint = {1205.6473},
	Journal = {\apj},
	Keywords = {galaxies: abundances, galaxies: elliptical and lenticular, cD, galaxies: stellar content},
	Month = nov,
	Pages = {71},
	Title = {{The Stellar Initial Mass Function in Early-type Galaxies From Absorption Line Spectroscopy. II. Results}},
	Volume = 760,
	Year = 2012,
	Bdsk-Url-1 = {http://dx.doi.org/10.1088/0004-637X/760/1/71}}
@ARTICLE{cote06,
   author = {{C{\^o}t{\'e}}, P. and {Piatek}, S. and {Ferrarese}, L. and 
	{Jord{\'a}n}, A. and {Merritt}, D. and {Peng}, E.~W. and {Ha{\c s}egan}, M. and 
	{Blakeslee}, J.~P. and {Mei}, S. and {West}, M.~J. and {Milosavljevi{\'c}}, M. and 
	{Tonry}, J.~L.},
    title = "{The ACS Virgo Cluster Survey. VIII. The Nuclei of Early-Type Galaxies}",
  journal = {\apjs},
   eprint = {astro-ph/0603252},
 keywords = {Galaxies: Clusters: Individual: Name: Virgo, Galaxies: Elliptical and Lenticular, cD, Galaxies: Nuclei, Galaxies: Structure},
     year = 2006,
    month = jul,
   volume = 165,
    pages = {57-94},
      doi = {10.1086/504042},
   adsurl = {http://adsabs.harvard.edu/abs/2006ApJS..165...57C},
  adsnote = {Provided by the SAO/NASA Astrophysics Data System}
}
@ARTICLE{dabringhausen10,
   author = {{Dabringhausen}, J. and {Fellhauer}, M. and {Kroupa}, P.},
    title = "{Mass loss and expansion of ultra compact dwarf galaxies through gas expulsion and stellar evolution for top-heavy stellar initial mass functions}",
  journal = {\mnras},
archivePrefix = "arXiv",
   eprint = {0912.2998},
 keywords = {methods: N-body simulations, galaxies: dwarfs, galaxies: evolution, galaxies: star clusters},
     year = 2010,
    month = apr,
   volume = 403,
    pages = {1054-1071},
      doi = {10.1111/j.1365-2966.2009.16189.x},
   adsurl = {http://adsabs.harvard.edu/abs/2010MNRAS.403.1054D},
  adsnote = {Provided by the SAO/NASA Astrophysics Data System}
}

@article{dabringhausen12,
	Adsnote = {Provided by the SAO/NASA Astrophysics Data System},
	Adsurl = {http://adsabs.harvard.edu/abs/2012ApJ...747...72D},
	Archiveprefix = {arXiv},
	Author = {{Dabringhausen}, J. and {Kroupa}, P. and {Pflamm-Altenburg}, J. and {Mieske}, S.},
	Doi = {10.1088/0004-637X/747/1/72},
	Eid = {72},
	Eprint = {1110.2779},
	Journal = {\apj},
	Keywords = {galaxies: dwarf, galaxies: starburst, galaxies: stellar content, stars: luminosity function, mass function, stars: neutron},
	Month = mar,
	Pages = {72},
	Primaryclass = {astro-ph.CO},
	Title = {{Low-mass X-Ray Binaries Indicate a Top-heavy Stellar Initial Mass Function in Ultracompact Dwarf Galaxies}},
	Volume = 747,
	Year = 2012,
	Bdsk-Url-1 = {http://dx.doi.org/10.1088/0004-637X/747/1/72}}
@ARTICLE{denbrok15,
   author = {{den Brok}, M. and {Seth}, A.~C. and {Barth}, A.~J. and {Carson}, D.~J. and 
	{Neumayer}, N. and {Cappellari}, M. and {Debattista}, V.~P. and 
	{Ho}, L.~C. and {Hood}, C.~E. and {McDermid}, R.~M.},
    title = "{Measuring the Mass of the Central Black Hole in the Bulgeless Galaxy NGC 4395 from Gas Dynamical Modeling}",
  journal = {\apj},
archivePrefix = "arXiv",
   eprint = {1507.04358},
 keywords = {galaxies: individual: NGC 4395, galaxies: kinematics and dynamics, galaxies: nuclei, galaxies: spiral, galaxies: structure},
     year = 2015,
    month = aug,
   volume = 809,
      eid = {101},
    pages = {101},
      doi = {10.1088/0004-637X/809/1/101},
   adsurl = {http://adsabs.harvard.edu/abs/2015ApJ...809..101D},
  adsnote = {Provided by the SAO/NASA Astrophysics Data System}
}

@ARTICLE{doi10,
   author = {{Doi}, M. and {Tanaka}, M. and {Fukugita}, M. and {Gunn}, J.~E. and 
	{Yasuda}, N. and {Ivezi{\'c}}, {\v Z}. and {Brinkmann}, J. and 
	{de Haars}, E. and {Kleinman}, S.~J. and {Krzesinski}, J. and 
	{French Leger}, R.},
    title = "{Photometric Response Functions of the Sloan Digital Sky Survey Imager}",
  journal = {\aj},
archivePrefix = "arXiv",
   eprint = {1002.3701},
 primaryClass = "astro-ph.IM",
 keywords = {galaxies: photometry, surveys, techniques: photometric},
     year = 2010,
    month = apr,
   volume = 139,
    pages = {1628-1648},
      doi = {10.1088/0004-6256/139/4/1628},
   adsurl = {http://adsabs.harvard.edu/abs/2010AJ....139.1628D},
  adsnote = {Provided by the SAO/NASA Astrophysics Data System}
}
@ARTICLE{drehmer15,
   author = {{Drehmer}, D.~A. and {Storchi-Bergmann}, T. and {Ferrari}, F. and 
	{Cappellari}, M. and {Riffel}, R.~A.},
    title = "{The benchmark black hole in NGC 4258: dynamical models from high-resolution two-dimensional stellar kinematics}",
  journal = {\mnras},
archivePrefix = "arXiv",
   eprint = {1503.04540},
 keywords = {galaxies: individual: NGC 4258, galaxies: kinematics and dynamics},
     year = 2015,
    month = jun,
   volume = 450,
    pages = {128-144},
      doi = {10.1093/mnras/stv536},
   adsurl = {http://adsabs.harvard.edu/abs/2015MNRAS.450..128D},
  adsnote = {Provided by the SAO/NASA Astrophysics Data System}
}

@article{drinkwater00,
	Adsnote = {Provided by the SAO/NASA Astrophysics Data System},
	Adsurl = {http://adsabs.harvard.edu/abs/2000PASA...17..227D},
	Author = {{Drinkwater}, M.~J. and {Jones}, J.~B. and {Gregg}, M.~D. and {Phillipps}, S.},
	Doi = {10.1071/AS00034},
	Eprint = {astro-ph/0002003},
	Journal = {\pasa},
	Keywords = {STAR CLUSTERS, DWARF GALAXIES, GALAXY FORMATION, galaxies: star clusters, galaxies: dwarf, galaxies: formation},
	Month = dec,
	Pages = {227-233},
	Title = {{Compact Stellar Systems in the Fornax Cluster: Super-massive Star Clusters or Extremely Compact Dwarf Galaxies?}},
	Volume = 17,
	Year = 2000,
	Bdsk-File-1 = {YnBsaXN0MDDUAQIDBAUGJCVYJHZlcnNpb25YJG9iamVjdHNZJGFyY2hpdmVyVCR0b3ASAAGGoKgHCBMUFRYaIVUkbnVsbNMJCgsMDxJXTlMua2V5c1pOUy5vYmplY3RzViRjbGFzc6INDoACgAOiEBGABIAFgAdccmVsYXRpdmVQYXRoWWFsaWFzRGF0YV8QGi4uL3BhcGVycy9kcmlua3dhdGVyMDAucGRm0hcLGBlXTlMuZGF0YU8RAYAAAAAAAYAAAgAADE1hY2ludG9zaCBIRAAAAAAAAAAAAAAAAAAAAMuYjwdIKwAAAdsi+RBkcmlua3dhdGVyMDAucGRmAAAAAAAAAAAAAAAAAAAAAAAAAAAAAAAAAAAAAAAAAAAAAAAAAAAAAAAAAAAAAAACI25O0oXgnwAAAAAAAAAAAAEAAgAACSAAAAAAAAAAAAAAAAAAAAAGcGFwZXJzABAACAAAy5jjZwAAABEACAAA0oZDDwAAAAEADAHbIvkABca/AAC6qwACADZNYWNpbnRvc2ggSEQ6VXNlcnM6AGNocmlzYWhuOgBwYXBlcnM6AGRyaW5rd2F0ZXIwMC5wZGYADgAiABAAZAByAGkAbgBrAHcAYQB0AGUAcgAwADAALgBwAGQAZgAPABoADABNAGEAYwBpAG4AdABvAHMAaAAgAEgARAASACZVc2Vycy9jaHJpc2Fobi9wYXBlcnMvZHJpbmt3YXRlcjAwLnBkZgATAAEvAAAVAAIAD///AACABtIbHB0eWiRjbGFzc25hbWVYJGNsYXNzZXNdTlNNdXRhYmxlRGF0YaMdHyBWTlNEYXRhWE5TT2JqZWN00hscIiNcTlNEaWN0aW9uYXJ5oiIgXxAPTlNLZXllZEFyY2hpdmVy0SYnVHJvb3SAAQAIABEAGgAjAC0AMgA3AEAARgBNAFUAYABnAGoAbABuAHEAcwB1AHcAhACOAKsAsAC4AjwCPgJDAk4CVwJlAmkCcAJ5An4CiwKOAqACowKoAAAAAAAAAgEAAAAAAAAAKAAAAAAAAAAAAAAAAAAAAqo=},
	Bdsk-Url-1 = {http://dx.doi.org/10.1071/AS00034}}

@article{drinkwater03,
	Adsnote = {Provided by the SAO/NASA Astrophysics Data System},
	Adsurl = {http://adsabs.harvard.edu/abs/2003Natur.423..519D},
	Author = {{Drinkwater}, M.~J. and {Gregg}, M.~D. and {Hilker}, M. and {Bekki}, K. and {Couch}, W.~J. and {Ferguson}, H.~C. and {Jones}, J.~B. and {Phillipps}, S.},
	Eprint = {astro-ph/0306026},
	Journal = {\nat},
	Month = may,
	Pages = {519-521},
	Title = {{A class of compact dwarf galaxies from disruptive processes in galaxy clusters}},
	Volume = 423,
	Year = 2003}
@ARTICLE{emsellem94,
   author = {{Emsellem}, E. and {Monnet}, G. and {Bacon}, R.},
    title = "{The multi-gaussian expansion method: a tool for building realistic photometric and kinematical models of stellar systems I. The formalism}",
  journal = {\aap},
 keywords = {GALAXIES: STRUCTURE, GALAXIES: KINEMATICS AND DYNAMICS, TECHNIQUES: IMAGE PROCESSING, CELESTIAL MECHANICS, STELLAR DYNAMICS},
     year = 1994,
    month = may,
   volume = 285,
   adsurl = {http://adsabs.harvard.edu/abs/1994A%26A...285..723E},
  adsnote = {Provided by the SAO/NASA Astrophysics Data System}
}

@article{evstigneeva07,
	Adsnote = {Provided by the SAO/NASA Astrophysics Data System},
	Adsurl = {http://adsabs.harvard.edu/abs/2007AJ....133.1722E},
	Author = {{Evstigneeva}, E.~A. and {Gregg}, M.~D. and {Drinkwater}, M.~J. and {Hilker}, M.},
	Doi = {10.1086/511958},
	Eprint = {astro-ph/0612483},
	Journal = {\aj},
	Keywords = {galaxies: abundances, galaxies: dwarf, galaxies: formation, galaxies: kinematics and dynamics, galaxies: star clusters, galaxies: structure},
	Month = apr,
	Pages = {1722-1740},
	Title = {{Internal Properties of Ultracompact Dwarf Galaxies in the Virgo Cluster}},
	Volume = 133,
	Year = 2007,
	Bdsk-File-1 = {YnBsaXN0MDDUAQIDBAUGJCVYJHZlcnNpb25YJG9iamVjdHNZJGFyY2hpdmVyVCR0b3ASAAGGoKgHCBMUFRYaIVUkbnVsbNMJCgsMDxJXTlMua2V5c1pOUy5vYmplY3RzViRjbGFzc6INDoACgAOiEBGABIAFgAdccmVsYXRpdmVQYXRoWWFsaWFzRGF0YV8QHC4uL3BhcGVycy9ldnN0aWduZWV2YV8wNy5wZGbSFwsYGVdOUy5kYXRhTxEBiAAAAAABiAACAAAMTWFjaW50b3NoIEhEAAAAAAAAAAAAAAAAAAAAy5iPB0grAAAB2yL5EmV2c3RpZ25lZXZhXzA3LnBkZgAAAAAAAAAAAAAAAAAAAAAAAAAAAAAAAAAAAAAAAAAAAAAAAAAAAAAAAAAAAAHbnGzSAzAjAAAAAAAAAAAAAQACAAAJIAAAAAAAAAAAAAAAAAAAAAZwYXBlcnMAEAAIAADLmONnAAAAEQAIAADSA4SDAAAAAQAMAdsi+QAFxr8AALqrAAIAOE1hY2ludG9zaCBIRDpVc2VyczoAY2hyaXNhaG46AHBhcGVyczoAZXZzdGlnbmVldmFfMDcucGRmAA4AJgASAGUAdgBzAHQAaQBnAG4AZQBlAHYAYQBfADAANwAuAHAAZABmAA8AGgAMAE0AYQBjAGkAbgB0AG8AcwBoACAASABEABIAKFVzZXJzL2NocmlzYWhuL3BhcGVycy9ldnN0aWduZWV2YV8wNy5wZGYAEwABLwAAFQACAA///wAAgAbSGxwdHlokY2xhc3NuYW1lWCRjbGFzc2VzXU5TTXV0YWJsZURhdGGjHR8gVk5TRGF0YVhOU09iamVjdNIbHCIjXE5TRGljdGlvbmFyeaIiIF8QD05TS2V5ZWRBcmNoaXZlctEmJ1Ryb290gAEACAARABoAIwAtADIANwBAAEYATQBVAGAAZwBqAGwAbgBxAHMAdQB3AIQAjgCtALIAugJGAkgCTQJYAmECbwJzAnoCgwKIApUCmAKqAq0CsgAAAAAAAAIBAAAAAAAAACgAAAAAAAAAAAAAAAAAAAK0},
	Bdsk-Url-1 = {http://dx.doi.org/10.1086/511958}}

@article{evstigneeva08,
	Adsnote = {Provided by the SAO/NASA Astrophysics Data System},
	Adsurl = {http://adsabs.harvard.edu/abs/2008AJ....136..461E},
	Archiveprefix = {arXiv},
	Author = {{Evstigneeva}, E.~A. and {Drinkwater}, M.~J. and {Peng}, C.~Y. and {Hilker}, M. and {De Propris}, R. and {Jones}, J.~B. and {Phillipps}, S. and {Gregg}, M.~D. and {Karick}, A.~M.},
	Doi = {10.1088/0004-6256/136/1/461},
	Eprint = {0804.4353},
	Journal = {\aj},
	Keywords = {galaxies: clusters: individual: Fornax Cluster: Virgo Cluster, galaxies: dwarf, galaxies: formation, galaxies: fundamental parameters, galaxies: star clusters, galaxies: structure},
	Month = jul,
	Pages = {461-478},
	Title = {{Structural Properties of Ultra-Compact Dwarf Galaxies in the Fornax and Virgo Clusters}},
	Volume = 136,
	Year = 2008,
	Bdsk-File-1 = {YnBsaXN0MDDUAQIDBAUGJCVYJHZlcnNpb25YJG9iamVjdHNZJGFyY2hpdmVyVCR0b3ASAAGGoKgHCBMUFRYaIVUkbnVsbNMJCgsMDxJXTlMua2V5c1pOUy5vYmplY3RzViRjbGFzc6INDoACgAOiEBGABIAFgAdccmVsYXRpdmVQYXRoWWFsaWFzRGF0YV8QHS4uL0Rvd25sb2Fkcy9hal8xMzZfMV80NjEucGRm0hcLGBlXTlMuZGF0YU8RAYwAAAAAAYwAAgAADE1hY2ludG9zaCBIRAAAAAAAAAAAAAAAAAAAAMuYjwdIKwAAAAXHIhBhal8xMzZfMV80NjEucGRmAAAAAAAAAAAAAAAAAAAAAAAAAAAAAAAAAAAAAAAAAAAAAAAAAAAAAAAAAAAAAAAB01P70fDPHQAAAAAAAAAAAAEAAgAACSAAAAAAAAAAAAAAAAAAAAAJRG93bmxvYWRzAAAQAAgAAMuY42cAAAARAAgAANHxI30AAAABAAwABcciAAXGvwAAuqsAAgA5TWFjaW50b3NoIEhEOlVzZXJzOgBjaHJpc2FobjoARG93bmxvYWRzOgBhal8xMzZfMV80NjEucGRmAAAOACIAEABhAGoAXwAxADMANgBfADEAXwA0ADYAMQAuAHAAZABmAA8AGgAMAE0AYQBjAGkAbgB0AG8AcwBoACAASABEABIAKVVzZXJzL2NocmlzYWhuL0Rvd25sb2Fkcy9hal8xMzZfMV80NjEucGRmAAATAAEvAAAVAAIAD///AACABtIbHB0eWiRjbGFzc25hbWVYJGNsYXNzZXNdTlNNdXRhYmxlRGF0YaMdHyBWTlNEYXRhWE5TT2JqZWN00hscIiNcTlNEaWN0aW9uYXJ5oiIgXxAPTlNLZXllZEFyY2hpdmVy0SYnVHJvb3SAAQAIABEAGgAjAC0AMgA3AEAARgBNAFUAYABnAGoAbABuAHEAcwB1AHcAhACOAK4AswC7AksCTQJSAl0CZgJ0AngCfwKIAo0CmgKdAq8CsgK3AAAAAAAAAgEAAAAAAAAAKAAAAAAAAAAAAAAAAAAAArk=},
	Bdsk-File-2 = {YnBsaXN0MDDUAQIDBAUGJCVYJHZlcnNpb25YJG9iamVjdHNZJGFyY2hpdmVyVCR0b3ASAAGGoKgHCBMUFRYaIVUkbnVsbNMJCgsMDxJXTlMua2V5c1pOUy5vYmplY3RzViRjbGFzc6INDoACgAOiEBGABIAFgAdccmVsYXRpdmVQYXRoWWFsaWFzRGF0YV8QHC4uL3BhcGVycy9ldnN0aWduZWV2YV8wOC5wZGbSFwsYGVdOUy5kYXRhTxEBiAAAAAABiAACAAAMTWFjaW50b3NoIEhEAAAAAAAAAAAAAAAAAAAAy5iPB0grAAAB2yL5EmV2c3RpZ25lZXZhXzA4LnBkZgAAAAAAAAAAAAAAAAAAAAAAAAAAAAAAAAAAAAAAAAAAAAAAAAAAAAAAAAAAAAHbKCTSAf4CAAAAAAAAAAAAAQACAAAJIAAAAAAAAAAAAAAAAAAAAAZwYXBlcnMAEAAIAADLmONnAAAAEQAIAADSAlJiAAAAAQAMAdsi+QAFxr8AALqrAAIAOE1hY2ludG9zaCBIRDpVc2VyczoAY2hyaXNhaG46AHBhcGVyczoAZXZzdGlnbmVldmFfMDgucGRmAA4AJgASAGUAdgBzAHQAaQBnAG4AZQBlAHYAYQBfADAAOAAuAHAAZABmAA8AGgAMAE0AYQBjAGkAbgB0AG8AcwBoACAASABEABIAKFVzZXJzL2NocmlzYWhuL3BhcGVycy9ldnN0aWduZWV2YV8wOC5wZGYAEwABLwAAFQACAA///wAAgAbSGxwdHlokY2xhc3NuYW1lWCRjbGFzc2VzXU5TTXV0YWJsZURhdGGjHR8gVk5TRGF0YVhOU09iamVjdNIbHCIjXE5TRGljdGlvbmFyeaIiIF8QD05TS2V5ZWRBcmNoaXZlctEmJ1Ryb290gAEACAARABoAIwAtADIANwBAAEYATQBVAGAAZwBqAGwAbgBxAHMAdQB3AIQAjgCtALIAugJGAkgCTQJYAmECbwJzAnoCgwKIApUCmAKqAq0CsgAAAAAAAAIBAAAAAAAAACgAAAAAAAAAAAAAAAAAAAK0},
	Bdsk-Url-1 = {http://dx.doi.org/10.1088/0004-6256/136/1/461}}
@ARTICLE{feldmeier14,
   author = {{Feldmeier}, A. and {Neumayer}, N. and {Seth}, A. and {Sch{\"o}del}, R. and 
	{L{\"u}tzgendorf}, N. and {de Zeeuw}, P.~T. and {Kissler-Patig}, M. and 
	{Nishiyama}, S. and {Walcher}, C.~J.},
    title = "{Large scale kinematics and dynamical modelling of the Milky Way nuclear star cluster}",
  journal = {\aap},
archivePrefix = "arXiv",
   eprint = {1406.2849},
 keywords = {Galaxy: nucleus, Galaxy: kinematics and dynamics},
     year = 2014,
    month = oct,
   volume = 570,
      eid = {A2},
    pages = {A2},
      doi = {10.1051/0004-6361/201423777},
   adsurl = {http://adsabs.harvard.edu/abs/2014A%26A...570A...2F},
  adsnote = {Provided by the SAO/NASA Astrophysics Data System}
}

@article{fellhauer02,
	Adsnote = {Provided by the SAO/NASA Astrophysics Data System},
	Adsurl = {http://adsabs.harvard.edu/abs/2002MNRAS.330..642F},
	Author = {{Fellhauer}, M. and {Kroupa}, P.},
	Doi = {10.1046/j.1365-8711.2002.05087.x},
	Eprint = {astro-ph/0110621},
	Journal = {\mnras},
	Keywords = {methods: N-body simulations, globular clusters: individual: {$\omega$} Cen (NGC 5139), galaxies: dwarf, galaxies: formation, galaxies: interactions, galaxies: star clusters},
	Month = mar,
	Pages = {642-650},
	Title = {{The formation of ultracompact dwarf galaxies}},
	Volume = 330,
	Year = 2002,
	Bdsk-Url-1 = {http://dx.doi.org/10.1046/j.1365-8711.2002.05087.x}}

@article{fellhauer05,
	Adsnote = {Provided by the SAO/NASA Astrophysics Data System},
	Adsurl = {http://adsabs.harvard.edu/abs/2005MNRAS.359..223F},
	Author = {{Fellhauer}, M. and {Kroupa}, P.},
	Doi = {10.1111/j.1365-2966.2005.08891.x},
	Eprint = {astro-ph/0502086},
	Journal = {\mnras},
	Keywords = {methods: N-body simulations, galaxies: dwarfs, galaxies: formation, galaxies: individual: NGC 7252, galaxies: interactions, galaxies: star clusters},
	Month = may,
	Pages = {223-227},
	Title = {{A possible formation scenario for the ultramassive cluster W3 in NGC 7252}},
	Volume = 359,
	Year = 2005,
	Bdsk-Url-1 = {http://dx.doi.org/10.1111/j.1365-2966.2005.08891.x}}
@ARTICLE{firth09,
   author = {{Firth}, P. and {Evstigneeva}, E.~A. and {Drinkwater}, M.~J.
	},
    title = "{Age and metallicity of compact stellar systems in Virgo and Fornax}",
  journal = {\mnras},
 keywords = {galaxies: clusters: individual: Virgo cluster , galaxies: clusters: individual: Fornax cluster , galaxies: dwarf , galaxies: individual: M87 , galaxies: star clusters , galaxies: stellar content},
     year = 2009,
    month = apr,
   volume = 394,
    pages = {1801-1811},
      doi = {10.1111/j.1365-2966.2009.14479.x},
   adsurl = {http://adsabs.harvard.edu/abs/2009MNRAS.394.1801F},
  adsnote = {Provided by the SAO/NASA Astrophysics Data System}
}

@article{forbes14,
	Adsnote = {Provided by the SAO/NASA Astrophysics Data System},
	Adsurl = {http://adsabs.harvard.edu/abs/2014MNRAS.444.2993F},
	Archiveprefix = {arXiv},
	Author = {{Forbes}, D.~A. and {Norris}, M.~A. and {Strader}, J. and {Romanowsky}, A.~J. and {Pota}, V. and {Kannappan}, S.~J. and {Brodie}, J.~P. and {Huxor}, A.},
	Doi = {10.1093/mnras/stu1631},
	Eprint = {1408.2558},
	Journal = {\mnras},
	Keywords = {galaxies: dwarf, galaxies: evolution, galaxies: kinematics and dynamics, galaxies: star clusters: general},
	Month = nov,
	Pages = {2993-3003},
	Title = {{The AIMSS Project II: dynamical-to-stellar mass ratios across the star cluster-galaxy divide}},
	Volume = 444,
	Year = 2014,
	Bdsk-File-1 = {YnBsaXN0MDDUAQIDBAUGJCVYJHZlcnNpb25YJG9iamVjdHNZJGFyY2hpdmVyVCR0b3ASAAGGoKgHCBMUFRYaIVUkbnVsbNMJCgsMDxJXTlMua2V5c1pOUy5vYmplY3RzViRjbGFzc6INDoACgAOiEBGABIAFgAdccmVsYXRpdmVQYXRoWWFsaWFzRGF0YV8QFC4uL3BhcGVycy9mb3JiZXMucGRm0hcLGBlXTlMuZGF0YU8RAWgAAAAAAWgAAgAADE1hY2ludG9zaCBIRAAAAAAAAAAAAAAAAAAAAMuYjwdIKwAAAdsi+Qpmb3JiZXMucGRmAAAAAAAAAAAAAAAAAAAAAAAAAAAAAAAAAAAAAAAAAAAAAAAAAAAAAAAAAAAAAAAAAAAAAAACGduh0nDwLAAAAAAAAAAAAAEAAgAACSAAAAAAAAAAAAAAAAAAAAAGcGFwZXJzABAACAAAy5jjZwAAABEACAAA0nFSnAAAAAEADAHbIvkABca/AAC6qwACADBNYWNpbnRvc2ggSEQ6VXNlcnM6AGNocmlzYWhuOgBwYXBlcnM6AGZvcmJlcy5wZGYADgAWAAoAZgBvAHIAYgBlAHMALgBwAGQAZgAPABoADABNAGEAYwBpAG4AdABvAHMAaAAgAEgARAASACBVc2Vycy9jaHJpc2Fobi9wYXBlcnMvZm9yYmVzLnBkZgATAAEvAAAVAAIAD///AACABtIbHB0eWiRjbGFzc25hbWVYJGNsYXNzZXNdTlNNdXRhYmxlRGF0YaMdHyBWTlNEYXRhWE5TT2JqZWN00hscIiNcTlNEaWN0aW9uYXJ5oiIgXxAPTlNLZXllZEFyY2hpdmVy0SYnVHJvb3SAAQAIABEAGgAjAC0AMgA3AEAARgBNAFUAYABnAGoAbABuAHEAcwB1AHcAhACOAKUAqgCyAh4CIAIlAjACOQJHAksCUgJbAmACbQJwAoIChQKKAAAAAAAAAgEAAAAAAAAAKAAAAAAAAAAAAAAAAAAAAow=},
	Bdsk-Url-1 = {http://dx.doi.org/10.1093/mnras/stu1631}}
@ARTICLE{francis12,
   author = {{Francis}, K.~J. and {Drinkwater}, M.~J. and {Chilingarian}, I.~V. and 
	{Bolt}, A.~M. and {Firth}, P.},
    title = "{The chemical composition of ultracompact dwarf galaxies in the Virgo and Fornax clusters}",
  journal = {\mnras},
archivePrefix = "arXiv",
   eprint = {1207.3382},
 keywords = {galaxies: dwarf, galaxies: formation, galaxies: star clusters: general, galaxies: stellar content },
     year = 2012,
    month = sep,
   volume = 425,
    pages = {325-337},
      doi = {10.1111/j.1365-2966.2012.21465.x},
   adsurl = {http://adsabs.harvard.edu/abs/2012MNRAS.425..325F},
  adsnote = {Provided by the SAO/NASA Astrophysics Data System}
}

@ARTICLE{frank11,
   author = {{Frank}, M.~J. and {Hilker}, M. and {Mieske}, S. and {Baumgardt}, H. and 
	{Grebel}, E.~K. and {Infante}, L.},
    title = "{Spatially resolved kinematics of an ultracompact dwarf galaxy}",
  journal = {\mnras},
archivePrefix = "arXiv",
   eprint = {1104.2593},
 keywords = {galaxies: dwarf, galaxies: evolution, galaxies: kinematics and dynamics, galaxies: star clusters},
     year = 2011,
    month = jun,
   volume = 414,
    pages = {L70-L74},
      doi = {10.1111/j.1745-3933.2011.01058.x},
   adsurl = {http://adsabs.harvard.edu/abs/2011MNRAS.414L..70F},
  adsnote = {Provided by the SAO/NASA Astrophysics Data System}
}

@ARTICLE{fukugita96,
   author = {{Fukugita}, M. and {Ichikawa}, T. and {Gunn}, J.~E. and {Doi}, M. and 
	{Shimasaku}, K. and {Schneider}, D.~P.},
    title = "{The Sloan Digital Sky Survey Photometric System}",
  journal = {\aj},
 keywords = {SURVEYS, INSTRUMENTATION: PHOTOMETERS, TECHNIQUES: PHOTOMETRIC},
     year = 1996,
    month = apr,
   volume = 111,
    pages = {1748},
      doi = {10.1086/117915},
   adsurl = {http://adsabs.harvard.edu/abs/1996AJ....111.1748F},
  adsnote = {Provided by the SAO/NASA Astrophysics Data System}
}
@ARTICLE{gebhardt05,
   author = {{Gebhardt}, K. and {Rich}, R.~M. and {Ho}, L.~C.},
    title = "{An Intermediate-Mass Black Hole in the Globular Cluster G1: Improved Significance from New Keck and Hubble Space Telescope Observations}",
  journal = {\apj},
   eprint = {astro-ph/0508251},
 keywords = {Galaxies: Individual: Messier Number: M31, Galaxies: Star Clusters, Galaxy: Globular Clusters: General, globular clusters: individual (Mayall II ), globular clusters: individual ( G1)},
     year = 2005,
    month = dec,
   volume = 634,
    pages = {1093-1102},
      doi = {10.1086/497023},
   adsurl = {http://adsabs.harvard.edu/abs/2005ApJ...634.1093G},
  adsnote = {Provided by the SAO/NASA Astrophysics Data System}
}
@ARTICLE{geha03,
   author = {{Geha}, M. and {Guhathakurta}, P. and {van der Marel}, R.~P.
	},
    title = "{Internal Dynamics, Structure, and Formation of Dwarf Elliptical Galaxies. II. Rotating versus Nonrotating Dwarfs}",
  journal = {\aj},
   eprint = {astro-ph/0304537},
 keywords = {Galaxies: Abundances, Galaxies: Dwarf, Galaxies: Kinematics and Dynamics},
     year = 2003,
    month = oct,
   volume = 126,
    pages = {1794-1810},
      doi = {10.1086/377624},
   adsurl = {http://adsabs.harvard.edu/abs/2003AJ....126.1794G},
  adsnote = {Provided by the SAO/NASA Astrophysics Data System}
}

@ARTICLE{georgiev16,
   author = {{Georgiev}, I.~Y. and {B{\"o}ker}, T. and {Leigh}, N. and {L{\"u}tzgendorf}, N. and 
	{Neumayer}, N.},
    title = "{Masses and scaling relations for nuclear star clusters, and their co-existence with central black holes}",
  journal = {\mnras},
archivePrefix = "arXiv",
   eprint = {1601.02613},
 keywords = {galaxies: nuclei, galaxies: star clusters: general},
     year = 2016,
    month = apr,
   volume = 457,
    pages = {2122-2138},
      doi = {10.1093/mnras/stw093},
   adsurl = {http://adsabs.harvard.edu/abs/2016MNRAS.457.2122G},
  adsnote = {Provided by the SAO/NASA Astrophysics Data System}
}
@ARTICLE{gilmore07,
   author = {{Gilmore}, G. and {Wilkinson}, M.~I. and {Wyse}, R.~F.~G. and 
	{Kleyna}, J.~T. and {Koch}, A. and {Evans}, N.~W. and {Grebel}, E.~K.
	},
    title = "{The Observed Properties of Dark Matter on Small Spatial Scales}",
  journal = {\apj},
   eprint = {astro-ph/0703308},
 keywords = {Cosmology: Dark Matter, Galaxies: Dwarf, Galaxies: Kinematics and Dynamics, Galaxies: Local Group, Stellar Dynamics},
     year = 2007,
    month = jul,
   volume = 663,
    pages = {948-959},
      doi = {10.1086/518025},
   adsurl = {http://adsabs.harvard.edu/abs/2007ApJ...663..948G},
  adsnote = {Provided by the SAO/NASA Astrophysics Data System}
}


@article{graham05,
	Adsnote = {Provided by the SAO/NASA Astrophysics Data System},
	Adsurl = {http://adsabs.harvard.edu/abs/2005PASA...22..118G},
	Author = {{Graham}, A.~W. and {Driver}, S.~P.},
	Doi = {10.1071/AS05001},
	Eprint = {astro-ph/0503176},
	Journal = {\pasa},
	Keywords = {galaxies: structure, galaxies: fundamental parameters, methods: analytical, methods: data analysis},
	Pages = {118-127},
	Title = {{A Concise Reference to (Projected) S{\'e}rsic R$^{1/n}$ Quantities, Including Concentration, Profile Slopes, Petrosian Indices, and Kron Magnitudes}},
	Volume = 22,
	Year = 2005,
	Bdsk-File-1 = {YnBsaXN0MDDUAQIDBAUGJCVYJHZlcnNpb25YJG9iamVjdHNZJGFyY2hpdmVyVCR0b3ASAAGGoKgHCBMUFRYaIVUkbnVsbNMJCgsMDxJXTlMua2V5c1pOUy5vYmplY3RzViRjbGFzc6INDoACgAOiEBGABIAFgAdccmVsYXRpdmVQYXRoWWFsaWFzRGF0YV8QMS4uL0Rvd25sb2Fkcy8tUEFTLVBBUzIyXzAyLVMxMzIzMzU4MDAwMDAzODhYYS5wZGbSFwsYGVdOUy5kYXRhTxEB1gAAAAAB1gACAAAMTWFjaW50b3NoIEhEAAAAAAAAAAAAAAAAAAAAy5iPB0grAAAABcciHy1QQVMtUEFTMjJfMDItUzEzMjMjMUYyQUYzMC5wZGYAAAAAAAAAAAAAAAAAAAAAAAAAAAAAAAAAAAAAAAAAAAHyrzDSKbWqAAAAAAAAAAAAAQACAAAJIAAAAAAAAAAAAAAAAAAAAAlEb3dubG9hZHMAABAACAAAy5jjZwAAABEACAAA0ioKCgAAAAEADAAFxyIABca/AAC6qwACAEhNYWNpbnRvc2ggSEQ6VXNlcnM6AGNocmlzYWhuOgBEb3dubG9hZHM6AC1QQVMtUEFTMjJfMDItUzEzMjMjMUYyQUYzMC5wZGYADgBKACQALQBQAEEAUwAtAFAAQQBTADIAMgBfADAAMgAtAFMAMQAzADIAMwAzADUAOAAwADAAMAAwADAAMwA4ADgAWABhAC4AcABkAGYADwAaAAwATQBhAGMAaQBuAHQAbwBzAGgAIABIAEQAEgA9VXNlcnMvY2hyaXNhaG4vRG93bmxvYWRzLy1QQVMtUEFTMjJfMDItUzEzMjMzNTgwMDAwMDM4OFhhLnBkZgAAEwABLwAAFQACAA///wAAgAbSGxwdHlokY2xhc3NuYW1lWCRjbGFzc2VzXU5TTXV0YWJsZURhdGGjHR8gVk5TRGF0YVhOU09iamVjdNIbHCIjXE5TRGljdGlvbmFyeaIiIF8QD05TS2V5ZWRBcmNoaXZlctEmJ1Ryb290gAEACAARABoAIwAtADIANwBAAEYATQBVAGAAZwBqAGwAbgBxAHMAdQB3AIQAjgDCAMcAzwKpAqsCsAK7AsQC0gLWAt0C5gLrAvgC+wMNAxADFQAAAAAAAAIBAAAAAAAAACgAAAAAAAAAAAAAAAAAAAMX},
	Bdsk-Url-1 = {http://dx.doi.org/10.1071/AS05001}}
@ARTICLE{graham09,
   author = {{Graham}, A.~W. and {Spitler}, L.~R.},
    title = "{Quantifying the coexistence of massive black holes and dense nuclear star clusters}",
  journal = {\mnras},
archivePrefix = "arXiv",
   eprint = {0907.5250},
 keywords = {black hole physics , galaxies: nuclei , galaxies: structure},
     year = 2009,
    month = aug,
   volume = 397,
    pages = {2148-2162},
      doi = {10.1111/j.1365-2966.2009.15118.x},
   adsurl = {http://adsabs.harvard.edu/abs/2009MNRAS.397.2148G},
  adsnote = {Provided by the SAO/NASA Astrophysics Data System}
}

@article{greene12,
	Adsnote = {Provided by the SAO/NASA Astrophysics Data System},
	Adsurl = {http://adsabs.harvard.edu/abs/2012NatCo...3E1304G},
	Archiveprefix = {arXiv},
	Author = {{Greene}, J.~E.},
	Doi = {10.1038/ncomms2314},
	Eid = {1304},
	Eprint = {1211.7082},
	Journal = {Nature Communications},
	Month = dec,
	Pages = {1304},
	Primaryclass = {astro-ph.CO},
	Title = {{Low-mass black holes as the remnants of primordial black hole formation}},
	Volume = 3,
	Year = 2012,
	Bdsk-Url-1 = {http://dx.doi.org/10.1038/ncomms2314}}
@ARTICLE{haggard13,
   author = {{Haggard}, D. and {Cool}, A.~M. and {Heinke}, C.~O. and {van der Marel}, R. and 
	{Cohn}, H.~N. and {Lugger}, P.~M. and {Anderson}, J.},
    title = "{A Deep Chandra X-Ray Limit on the Putative IMBH in Omega Centauri}",
  journal = {\apjl},
archivePrefix = "arXiv",
   eprint = {1307.6217},
 primaryClass = "astro-ph.HE",
 keywords = {accretion, accretion disks, black hole physics, globular clusters: individual: NGC 5139},
     year = 2013,
    month = aug,
   volume = 773,
      eid = {L31},
    pages = {L31},
      doi = {10.1088/2041-8205/773/2/L31},
   adsurl = {http://adsabs.harvard.edu/abs/2013ApJ...773L..31H},
  adsnote = {Provided by the SAO/NASA Astrophysics Data System}
}
@ARTICLE{hartmann11,
   author = {{Hartmann}, M. and {Debattista}, V.~P. and {Seth}, A. and {Cappellari}, M. and 
	{Quinn}, T.~R.},
    title = "{Constraining the role of star cluster mergers in nuclear cluster formation: simulations confront integral-field data}",
  journal = {\mnras},
archivePrefix = "arXiv",
   eprint = {1103.5464},
 keywords = {galaxies: evolution, galaxies: kinematics and dynamics, galaxies: structure},
     year = 2011,
    month = dec,
   volume = 418,
    pages = {2697-2714},
      doi = {10.1111/j.1365-2966.2011.19659.x},
   adsurl = {http://adsabs.harvard.edu/abs/2011MNRAS.418.2697H},
  adsnote = {Provided by the SAO/NASA Astrophysics Data System}
}

@article{hasegan05,
	Adsnote = {Provided by the SAO/NASA Astrophysics Data System},
	Adsurl = {http://adsabs.harvard.edu/abs/2005ApJ...627..203H},
	Author = {{Ha{\c s}egan}, M. and {Jord{\'a}n}, A. and {C{\^o}t{\'e}}, P. and {Djorgovski}, S.~G. and {McLaughlin}, D.~E. and {Blakeslee}, J.~P. and {Mei}, S. and {West}, M.~J. and {Peng}, E.~W. and {Ferrarese}, L. and {Milosavljevi{\'c}}, M. and {Tonry}, J.~L. and {Merritt}, D.},
	Doi = {10.1086/430342},
	Eprint = {astro-ph/0503566},
	Journal = {\apj},
	Keywords = {Galaxies: Clusters: Individual: Name: Virgo, Galaxies: Dwarf, Galaxies: Formation, Galaxies: Star Clusters, Stars: Kinematics},
	Month = jul,
	Pages = {203-223},
	Title = {{The ACS Virgo Cluster Survey. VII. Resolving the Connection between Globular Clusters and Ultracompact Dwarf Galaxies}},
	Volume = 627,
	Year = 2005,
	Bdsk-Url-1 = {http://dx.doi.org/10.1086/430342}}
@INPROCEEDINGS{herriot00,
   author = {{Herriot}, G. and {Morris}, S. and {Anthony}, A. and {Derdall}, D. and 
	{Duncan}, D. and {Dunn}, J. and {Ebbers}, A.~W. and {Fletcher}, J.~M. and 
	{Hardy}, T. and {Leckie}, B. and {Mirza}, A. and {Morbey}, C.~L. and 
	{Pfleger}, M. and {Roberts}, S. and {Shott}, P. and {Smith}, M. and 
	{Saddlemyer}, L.~K. and {Sebesta}, J. and {Szeto}, K. and {Wooff}, R. and 
	{Windels}, W. and {Veran}, J.-P.},
    title = "{Progress on Altair: the Gemini North adaptive optics system}",
booktitle = {Adaptive Optical Systems Technology},
     year = 2000,
   series = {\procspie},
   volume = 4007,
   editor = {{Wizinowich}, P.~L.},
    month = jul,
    pages = {115-125},
   adsurl = {http://adsabs.harvard.edu/abs/2000SPIE.4007..115H},
  adsnote = {Provided by the SAO/NASA Astrophysics Data System}
}

@article{hilker99,
	Adsnote = {Provided by the SAO/NASA Astrophysics Data System},
	Adsurl = {http://adsabs.harvard.edu/abs/1999A%26AS..134...75H},
	Author = {{Hilker}, M. and {Infante}, L. and {Vieira}, G. and {Kissler-Patig}, M. and {Richtler}, T.},
	Doi = {10.1051/aas:1999434},
	Eprint = {astro-ph/9807144},
	Journal = {\aaps},
	Keywords = {GALAXIES: CLUSTERS: FORNAX CLUSTER, GALAXIES: DISTANCES AND REDSHIFTS, GALAXIES: ABUNDANCES, GALAXIES: DWARF},
	Month = jan,
	Pages = {75-86},
	Title = {{The central region of the Fornax cluster. II. Spectroscopy and radial velocities of member and background galaxies}},
	Volume = 134,
	Year = 1999,
	Bdsk-Url-1 = {http://dx.doi.org/10.1051/aas:1999434}}
@ARTICLE{husser13,
   author = {{Husser}, T.-O. and {Wende-von Berg}, S. and {Dreizler}, S. and 
	{Homeier}, D. and {Reiners}, A. and {Barman}, T. and {Hauschildt}, P.~H.
	},
    title = "{A new extensive library of PHOENIX stellar atmospheres and synthetic spectra}",
  journal = {\aap},
archivePrefix = "arXiv",
   eprint = {1303.5632},
 primaryClass = "astro-ph.SR",
 keywords = {stars: atmospheres, convection, stars: late-type},
     year = 2013,
    month = may,
   volume = 553,
      eid = {A6},
    pages = {A6},
      doi = {10.1051/0004-6361/201219058},
   adsurl = {http://adsabs.harvard.edu/abs/2013A%26A...553A...6H},
  adsnote = {Provided by the SAO/NASA Astrophysics Data System}
}
@ARTICLE{ibata09,
   author = {{Ibata}, R. and {Bellazzini}, M. and {Chapman}, S.~C. and {Dalessandro}, E. and 
	{Ferraro}, F. and {Irwin}, M. and {Lanzoni}, B. and {Lewis}, G.~F. and 
	{Mackey}, A.~D. and {Miocchi}, P. and {Varghese}, A.},
    title = "{Density and Kinematic Cusps in M54 at the Heart of the Sagittarius Dwarf Galaxy: Evidence for A 10$^{4}$ M $_{sun}$ Black Hole?}",
  journal = {\apjl},
archivePrefix = "arXiv",
   eprint = {0906.4894},
 primaryClass = "astro-ph.GA",
 keywords = {black hole physics, globular clusters: individual: M54, stellar dynamics},
     year = 2009,
    month = jul,
   volume = 699,
    pages = {L169-L173},
      doi = {10.1088/0004-637X/699/2/L169},
   adsurl = {http://adsabs.harvard.edu/abs/2009ApJ...699L.169I},
  adsnote = {Provided by the SAO/NASA Astrophysics Data System}
}

@ARTICLE{janz15,
   author = {{Janz}, J. and {Forbes}, D.~A. and {Norris}, M.~A. and {Strader}, J. and 
	{Penny}, S.~J. and {Fagioli}, M. and {Romanowsky}, A.~J.},
    title = "{How elevated is the dynamical-to-stellar mass ratio of the ultracompact dwarf S999?}",
  journal = {\mnras},
archivePrefix = "arXiv",
   eprint = {1502.06598},
 keywords = {galaxies: clusters: individual: Virgo Cluster, galaxies: dwarf, galaxies: star clusters: general},
     year = 2015,
    month = may,
   volume = 449,
    pages = {1716-1730},
      doi = {10.1093/mnras/stv389},
   adsurl = {http://adsabs.harvard.edu/abs/2015MNRAS.449.1716J},
  adsnote = {Provided by the SAO/NASA Astrophysics Data System}
}
@ARTICLE{janz16,
   author = {{Janz}, J. and {Norris}, M.~A. and {Forbes}, D.~A. and {Huxor}, A. and 
	{Romanowsky}, A.~J. and {Frank}, M.~J. and {Escudero}, C.~G. and 
	{Faifer}, F.~R. and {Forte}, J.~C. and {Kannappan}, S.~J. and 
	{Maraston}, C. and {Brodie}, J.~P. and {Strader}, J. and {Thompson}, B.~R.
	},
    title = "{The AIMSS Project - III. The stellar populations of compact stellar systems}",
  journal = {\mnras},
archivePrefix = "arXiv",
   eprint = {1511.03264},
 keywords = {galaxies: fundamental parameters, galaxies: stellar content},
     year = 2016,
    month = feb,
   volume = 456,
    pages = {617-632},
      doi = {10.1093/mnras/stv2636},
   adsurl = {http://adsabs.harvard.edu/abs/2016MNRAS.456..617J},
  adsnote = {Provided by the SAO/NASA Astrophysics Data System}
}
@ARTICLE{jarrett03,
   author = {{Jarrett}, T.~H. and {Chester}, T. and {Cutri}, R. and {Schneider}, S.~E. and 
	{Huchra}, J.~P.},
    title = "{The 2MASS Large Galaxy Atlas}",
  journal = {\aj},
 keywords = {Atlases, Galaxies: Fundamental Parameters, Galaxies: Photometry, Galaxies: Statistics, Galaxy: Globular Clusters: General, Infrared Radiation, Surveys},
     year = 2003,
    month = feb,
   volume = 125,
    pages = {525-554},
      doi = {10.1086/345794},
   adsurl = {http://adsabs.harvard.edu/abs/2003AJ....125..525J},
  adsnote = {Provided by the SAO/NASA Astrophysics Data System}
}

@article{kannappan13,
	Adsnote = {Provided by the SAO/NASA Astrophysics Data System},
	Adsurl = {http://adsabs.harvard.edu/abs/2013ApJ...777...42K},
	Archiveprefix = {arXiv},
	Author = {{Kannappan}, S.~J. and {Stark}, D.~V. and {Eckert}, K.~D. and {Moffett}, A.~J. and {Wei}, L.~H. and {Pisano}, D.~J. and {Baker}, A.~J. and {Vogel}, S.~N. and {Fabricant}, D.~G. and {Laine}, S. and {Norris}, M.~A. and {Jogee}, S. and {Lepore}, N. and {Hough}, L.~E. and {Weinberg-Wolf}, J.},
	Doi = {10.1088/0004-637X/777/1/42},
	Eid = {42},
	Eprint = {1308.3292},
	Journal = {\apj},
	Keywords = {galaxies: evolution},
	Month = nov,
	Pages = {42},
	Primaryclass = {astro-ph.CO},
	Title = {{Connecting Transitions in Galaxy Properties to Refueling}},
	Volume = 777,
	Year = 2013,
	Bdsk-Url-1 = {http://dx.doi.org/10.1088/0004-637X/777/1/42}}
@ARTICLE{kimmig15,
   author = {{Kimmig}, B. and {Seth}, A. and {Ivans}, I.~I. and {Strader}, J. and 
	{Caldwell}, N. and {Anderton}, T. and {Gregersen}, D.},
    title = "{Measuring Consistent Masses for 25 Milky Way Globular Clusters}",
  journal = {\aj},
archivePrefix = "arXiv",
   eprint = {1411.1763},
 keywords = {globular clusters: general, globular clusters: individual: M2, M3, M14, M71, NGC 4147, NGC 5053, NGC 5466, NGC 6934, 47Tuc, M5, NGC 6441, M12, M15, M53, M92, NGC 6752, M4, M22, M30, M54, M55, M68, NGC 288, NGC 362},
     year = 2015,
    month = feb,
   volume = 149,
      eid = {53},
    pages = {53},
      doi = {10.1088/0004-6256/149/2/53},
   adsurl = {http://adsabs.harvard.edu/abs/2015AJ....149...53K},
  adsnote = {Provided by the SAO/NASA Astrophysics Data System}
}

@article{kissler06,
	Adsnote = {Provided by the SAO/NASA Astrophysics Data System},
	Adsurl = {http://adsabs.harvard.edu/abs/2006A%26A...448.1031K},
	Author = {{Kissler-Patig}, M. and {Jord{\'a}n}, A. and {Bastian}, N.},
	Doi = {10.1051/0004-6361:20054384},
	Eprint = {astro-ph/0512360},
	Journal = {\aap},
	Month = mar,
	Pages = {1031-1035},
	Title = {{The transition between star clusters and dwarf galaxies. On the existence of a mass-radius relation for star clusters of masses {\gt}10$^{7}$ M{\sun}: are these objects formed in mergers of stellar systems?}},
	Volume = 448,
	Year = 2006,
	Bdsk-File-1 = {YnBsaXN0MDDUAQIDBAUGJCVYJHZlcnNpb25YJG9iamVjdHNZJGFyY2hpdmVyVCR0b3ASAAGGoKgHCBMUFRYaIVUkbnVsbNMJCgsMDxJXTlMua2V5c1pOUy5vYmplY3RzViRjbGFzc6INDoACgAOiEBGABIAFgAdccmVsYXRpdmVQYXRoWWFsaWFzRGF0YV8QFS4uL3BhcGVycy9raXNzbGVyLnBkZtIXCxgZV05TLmRhdGFPEQFuAAAAAAFuAAIAAAxNYWNpbnRvc2ggSEQAAAAAAAAAAAAAAAAAAADLmI8HSCsAAAHbIvkLa2lzc2xlci5wZGYAAAAAAAAAAAAAAAAAAAAAAAAAAAAAAAAAAAAAAAAAAAAAAAAAAAAAAAAAAAAAAAAAAAAAAhgMStJrfiMAAAAAAAAAAAABAAIAAAkgAAAAAAAAAAAAAAAAAAAABnBhcGVycwAQAAgAAMuY42cAAAARAAgAANJr4JMAAAABAAwB2yL5AAXGvwAAuqsAAgAxTWFjaW50b3NoIEhEOlVzZXJzOgBjaHJpc2FobjoAcGFwZXJzOgBraXNzbGVyLnBkZgAADgAYAAsAawBpAHMAcwBsAGUAcgAuAHAAZABmAA8AGgAMAE0AYQBjAGkAbgB0AG8AcwBoACAASABEABIAIVVzZXJzL2NocmlzYWhuL3BhcGVycy9raXNzbGVyLnBkZgAAEwABLwAAFQACAA///wAAgAbSGxwdHlokY2xhc3NuYW1lWCRjbGFzc2VzXU5TTXV0YWJsZURhdGGjHR8gVk5TRGF0YVhOU09iamVjdNIbHCIjXE5TRGljdGlvbmFyeaIiIF8QD05TS2V5ZWRBcmNoaXZlctEmJ1Ryb290gAEACAARABoAIwAtADIANwBAAEYATQBVAGAAZwBqAGwAbgBxAHMAdQB3AIQAjgCmAKsAswIlAicCLAI3AkACTgJSAlkCYgJnAnQCdwKJAowCkQAAAAAAAAIBAAAAAAAAACgAAAAAAAAAAAAAAAAAAAKT},
	Bdsk-Url-1 = {http://dx.doi.org/10.1051/0004-6361:20054384}}
@ARTICLE{kiziltan17,
   author = {{K{\i}z{\i}ltan}, B. and {Baumgardt}, H. and {Loeb}, A.},
    title = "{An intermediate-mass black hole in the centre of the globular cluster 47 Tucanae}",
  journal = {\nat},
archivePrefix = "arXiv",
   eprint = {1702.02149},
     year = 2017,
    month = feb,
   volume = 542,
    pages = {203-205},
      doi = {10.1038/nature21361},
   adsurl = {http://adsabs.harvard.edu/abs/2017Natur.542..203K},
  adsnote = {Provided by the SAO/NASA Astrophysics Data System}
}

@ARTICLE{koleva11,
   author = {{Koleva}, M. and {Prugniel}, P. and {de Rijcke}, S. and {Zeilinger}, W.~W.
	},
    title = "{Age and metallicity gradients in early-type galaxies: a dwarf-to-giant sequence}",
  journal = {\mnras},
archivePrefix = "arXiv",
   eprint = {1105.4809},
 keywords = {galaxies: dwarf, galaxies: elliptical and lenticular, cD, galaxies: evolution, galaxies: formation, galaxies: kinematics and dynamics, galaxies: stellar content},
     year = 2011,
    month = nov,
   volume = 417,
    pages = {1643-1671},
      doi = {10.1111/j.1365-2966.2011.19057.x},
   adsurl = {http://adsabs.harvard.edu/abs/2011MNRAS.417.1643K},
  adsnote = {Provided by the SAO/NASA Astrophysics Data System}
}

@ARTICLE{kormendy13,
   author = {{Kormendy}, J. and {Ho}, L.~C.},
    title = "{Coevolution (Or Not) of Supermassive Black Holes and Host Galaxies}",
  journal = {\araa},
archivePrefix = "arXiv",
   eprint = {1304.7762},
     year = 2013,
    month = aug,
   volume = 51,
    pages = {511-653},
      doi = {10.1146/annurev-astro-082708-101811},
   adsurl = {http://adsabs.harvard.edu/abs/2013ARA%26A..51..511K},
  adsnote = {Provided by the SAO/NASA Astrophysics Data System}
}

@article{lutzgendorf13,
	Adsnote = {Provided by the SAO/NASA Astrophysics Data System},
	Adsurl = {http://adsabs.harvard.edu/abs/2013A%26A...555A..26L},
	Archiveprefix = {arXiv},
	Author = {{L{\"u}tzgendorf}, N. and {Kissler-Patig}, M. and {Neumayer}, N. and {Baumgardt}, H. and {Noyola}, E. and {de Zeeuw}, P.~T. and {Gebhardt}, K. and {Jalali}, B. and {Feldmeier}, A.},
	Doi = {10.1051/0004-6361/201321183},
	Eid = {A26},
	Eprint = {1304.7156},
	Journal = {\aap},
	Keywords = {black hole physics, stars: kinematics and dynamics},
	Month = jul,
	Pages = {A26},
	Primaryclass = {astro-ph.GA},
	Title = {{M$_{*}$ - {$\sigma$}relation for intermediate-mass black holes in globular clusters}},
	Volume = 555,
	Year = 2013,
	Bdsk-Url-1 = {http://dx.doi.org/10.1051/0004-6361/201321183}}

@article{maraston04,
	Adsnote = {Provided by the SAO/NASA Astrophysics Data System},
	Adsurl = {http://adsabs.harvard.edu/abs/2004A%26A...416..467M},
	Author = {{Maraston}, C. and {Bastian}, N. and {Saglia}, R.~P. and {Kissler-Patig}, M. and {Schweizer}, F. and {Goudfrooij}, P.},
	Doi = {10.1051/0004-6361:20031604},
	Eprint = {astro-ph/0311232},
	Journal = {\aap},
	Keywords = {galaxies: star clusters, galaxies: individual: NGC 7252, stars: fundamental parameters},
	Month = mar,
	Pages = {467-473},
	Title = {{The dynamical mass of the young cluster W3 in NGC 7252. Heavy-weight globular cluster or ultra compact dwarf galaxy?}},
	Volume = 416,
	Year = 2004,
	Bdsk-Url-1 = {http://dx.doi.org/10.1051/0004-6361:20031604}}
@INPROCEEDINGS{markwardt09,
   author = {{Markwardt}, C.~B.},
    title = "{Non-linear Least-squares Fitting in IDL with MPFIT}",
booktitle = {Astronomical Data Analysis Software and Systems XVIII},
     year = 2009,
   series = {Astronomical Society of the Pacific Conference Series},
   volume = 411,
archivePrefix = "arXiv",
   eprint = {0902.2850},
 primaryClass = "astro-ph.IM",
   editor = {{Bohlender}, D.~A. and {Durand}, D. and {Dowler}, P.},
    month = sep,
    pages = {251},
   adsurl = {http://adsabs.harvard.edu/abs/2009ASPC..411..251M},
  adsnote = {Provided by the SAO/NASA Astrophysics Data System}
}

@article{mcconnell13,
	Adsnote = {Provided by the SAO/NASA Astrophysics Data System},
	Adsurl = {http://adsabs.harvard.edu/abs/2013ApJ...764..184M},
	Archiveprefix = {arXiv},
	Author = {{McConnell}, N.~J. and {Ma}, C.-P.},
	Doi = {10.1088/0004-637X/764/2/184},
	Eid = {184},
	Eprint = {1211.2816},
	Journal = {\apj},
	Keywords = {galaxies: nuclei, galaxies: statistics},
	Month = feb,
	Pages = {184},
	Primaryclass = {astro-ph.CO},
	Title = {{Revisiting the Scaling Relations of Black Hole Masses and Host Galaxy Properties}},
	Volume = 764,
	Year = 2013,
	Bdsk-Url-1 = {http://dx.doi.org/10.1088/0004-637X/764/2/184}}

@inproceedings{mcgregor03,
	Adsnote = {Provided by the SAO/NASA Astrophysics Data System},
	Adsurl = {http://adsabs.harvard.edu/abs/2003SPIE.4841.1581M},
	Author = {{McGregor}, P.~J. and {Hart}, J. and {Conroy}, P.~G. and {Pfitzner}, M.~L. and {Bloxham}, G.~J. and {Jones}, D.~J. and {Downing}, M.~D. and {Dawson}, M. and {Young}, P. and {Jarnyk}, M. and {Van Harmelen}, J.},
	Booktitle = {Instrument Design and Performance for Optical/Infrared Ground-based Telescopes},
	Doi = {10.1117/12.459448},
	Editor = {{Iye}, M. and {Moorwood}, A.~F.~M.},
	Month = mar,
	Pages = {1581-1591},
	Series = {Society of Photo-Optical Instrumentation Engineers (SPIE) Conference Series},
	Title = {{Gemini near-infrared integral field spectrograph (NIFS)}},
	Volume = 4841,
	Year = 2003,
	Bdsk-Url-1 = {http://dx.doi.org/10.1117/12.459448}}
@ARTICLE{meylan01,
   author = {{Meylan}, G. and {Sarajedini}, A. and {Jablonka}, P. and {Djorgovski}, S.~G. and 
	{Bridges}, T. and {Rich}, R.~M.},
    title = "{Mayall II=G1 in M31: Giant Globular Cluster or Core of a Dwarf Elliptical Galaxy?}",
  journal = {\aj},
   eprint = {astro-ph/0105013},
 keywords = {Galaxies: Dwarf, Galaxies: Evolution, Galaxies: Local Group, Galaxies: Star Clusters, Galaxy: Globular Clusters: General, globular clusters: individual ({$\omega$} Centauri, Mayall II=G1)},
     year = 2001,
    month = aug,
   volume = 122,
    pages = {830-841},
      doi = {10.1086/321166},
   adsurl = {http://adsabs.harvard.edu/abs/2001AJ....122..830M},
  adsnote = {Provided by the SAO/NASA Astrophysics Data System}
}

@article{mieske02,
	Adsnote = {Provided by the SAO/NASA Astrophysics Data System},
	Adsurl = {http://adsabs.harvard.edu/abs/2002A%26A...383..823M},
	Author = {{Mieske}, S. and {Hilker}, M. and {Infante}, L.},
	Doi = {10.1051/0004-6361:20011833},
	Eprint = {astro-ph/0201011},
	Journal = {\aap},
	Keywords = {GALAXIES: CLUSTERS: INDIVIDUAL: FORNAX CLUSTER, GALAXIES: DWARF, GALAXIES: FUNDAMENTAL PARAMETERS, GALAXIES: LUMINOSITY FUNCTION},
	Month = mar,
	Pages = {823-837},
	Title = {{Ultra compact objects in the Fornax cluster of galaxies: Globular clusters or dwarf galaxies?}},
	Volume = 383,
	Year = 2002,
	Bdsk-Url-1 = {http://dx.doi.org/10.1051/0004-6361:20011833}}

@article{mieske08,
	Adsnote = {Provided by the SAO/NASA Astrophysics Data System},
	Adsurl = {http://adsabs.harvard.edu/abs/2008A%26A...487..921M},
	Archiveprefix = {arXiv},
	Author = {{Mieske}, S. and {Hilker}, M. and {Jord{\'a}n}, A. and {Infante}, L. and {Kissler-Patig}, M. and {Rejkuba}, M. and {Richtler}, T. and {C{\^o}t{\'e}}, P. and {Baumgardt}, H. and {West}, M.~J. and {Ferrarese}, L. and {Peng}, E.~W.},
	Doi = {10.1051/0004-6361:200810077},
	Eprint = {0806.0374},
	Journal = {\aap},
	Keywords = {galaxies: clusters: individual: Fornax, galaxies: dwarf, galaxies: fundamental parameters, galaxies: nuclei, galaxies: star clusters},
	Month = sep,
	Pages = {921-935},
	Title = {{The nature of UCDs: Internal dynamics from an expanded sample and homogeneous database}},
	Volume = 487,
	Year = 2008,
	Bdsk-File-1 = {YnBsaXN0MDDUAQIDBAUGJCVYJHZlcnNpb25YJG9iamVjdHNZJGFyY2hpdmVyVCR0b3ASAAGGoKgHCBMUFRYaIVUkbnVsbNMJCgsMDxJXTlMua2V5c1pOUy5vYmplY3RzViRjbGFzc6INDoACgAOiEBGABIAFgAdccmVsYXRpdmVQYXRoWWFsaWFzRGF0YV8QFy4uL3BhcGVycy9taWVza2VfMDgucGRm0hcLGBlXTlMuZGF0YU8RAXYAAAAAAXYAAgAADE1hY2ludG9zaCBIRAAAAAAAAAAAAAAAAAAAAMuYjwdIKwAAAdsi+Q1taWVza2VfMDgucGRmAAAAAAAAAAAAAAAAAAAAAAAAAAAAAAAAAAAAAAAAAAAAAAAAAAAAAAAAAAAAAAAAAAAB2yUF0gH9GQAAAAAAAAAAAAEAAgAACSAAAAAAAAAAAAAAAAAAAAAGcGFwZXJzABAACAAAy5jjZwAAABEACAAA0gJReQAAAAEADAHbIvkABca/AAC6qwACADNNYWNpbnRvc2ggSEQ6VXNlcnM6AGNocmlzYWhuOgBwYXBlcnM6AG1pZXNrZV8wOC5wZGYAAA4AHAANAG0AaQBlAHMAawBlAF8AMAA4AC4AcABkAGYADwAaAAwATQBhAGMAaQBuAHQAbwBzAGgAIABIAEQAEgAjVXNlcnMvY2hyaXNhaG4vcGFwZXJzL21pZXNrZV8wOC5wZGYAABMAAS8AABUAAgAP//8AAIAG0hscHR5aJGNsYXNzbmFtZVgkY2xhc3Nlc11OU011dGFibGVEYXRhox0fIFZOU0RhdGFYTlNPYmplY3TSGxwiI1xOU0RpY3Rpb25hcnmiIiBfEA9OU0tleWVkQXJjaGl2ZXLRJidUcm9vdIABAAgAEQAaACMALQAyADcAQABGAE0AVQBgAGcAagBsAG4AcQBzAHUAdwCEAI4AqACtALUCLwIxAjYCQQJKAlgCXAJjAmwCcQJ+AoECkwKWApsAAAAAAAACAQAAAAAAAAAoAAAAAAAAAAAAAAAAAAACnQ==},
	Bdsk-Url-1 = {http://dx.doi.org/10.1051/0004-6361:200810077}}

@article{mieske13,
	Adsnote = {Provided by the SAO/NASA Astrophysics Data System},
	Adsurl = {http://adsabs.harvard.edu/abs/2013A%26A...558A..14M},
	Archiveprefix = {arXiv},
	Author = {{Mieske}, S. and {Frank}, M.~J. and {Baumgardt}, H. and {L{\"u}tzgendorf}, N. and {Neumayer}, N. and {Hilker}, M.},
	Doi = {10.1051/0004-6361/201322167},
	Eid = {A14},
	Eprint = {1308.1398},
	Journal = {\aap},
	Keywords = {galaxies: clusters: general, galaxies: dwarf, galaxies: star clusters: general, galaxies: nuclei, galaxies: interactions, stars: kinematics and dynamics},
	Month = oct,
	Pages = {A14},
	Primaryclass = {astro-ph.CO},
	Title = {{On central black holes in ultra-compact dwarf galaxies}},
	Volume = 558,
	Year = 2013,
	Bdsk-File-1 = {YnBsaXN0MDDUAQIDBAUGJCVYJHZlcnNpb25YJG9iamVjdHNZJGFyY2hpdmVyVCR0b3ASAAGGoKgHCBMUFRYaIVUkbnVsbNMJCgsMDxJXTlMua2V5c1pOUy5vYmplY3RzViRjbGFzc6INDoACgAOiEBGABIAFgAdccmVsYXRpdmVQYXRoWWFsaWFzRGF0YV8QGy4uL0Rvd25sb2Fkcy9hYTIyMTY3LTEzLnBkZtIXCxgZV05TLmRhdGFPEQGEAAAAAAGEAAIAAAxNYWNpbnRvc2ggSEQAAAAAAAAAAAAAAAAAAADLmI8HSCsAAAAFxyIOYWEyMjE2Ny0xMy5wZGYAAAAAAAAAAAAAAAAAAAAAAAAAAAAAAAAAAAAAAAAAAAAAAAAAAAAAAAAAAAAAAAAAAcwgMNHdKLoAAAAAAAAAAAABAAIAAAkgAAAAAAAAAAAAAAAAAAAACURvd25sb2FkcwAAEAAIAADLmONnAAAAEQAIAADR3X0aAAAAAQAMAAXHIgAFxr8AALqrAAIAN01hY2ludG9zaCBIRDpVc2VyczoAY2hyaXNhaG46AERvd25sb2FkczoAYWEyMjE2Ny0xMy5wZGYAAA4AHgAOAGEAYQAyADIAMQA2ADcALQAxADMALgBwAGQAZgAPABoADABNAGEAYwBpAG4AdABvAHMAaAAgAEgARAASACdVc2Vycy9jaHJpc2Fobi9Eb3dubG9hZHMvYWEyMjE2Ny0xMy5wZGYAABMAAS8AABUAAgAP//8AAIAG0hscHR5aJGNsYXNzbmFtZVgkY2xhc3Nlc11OU011dGFibGVEYXRhox0fIFZOU0RhdGFYTlNPYmplY3TSGxwiI1xOU0RpY3Rpb25hcnmiIiBfEA9OU0tleWVkQXJjaGl2ZXLRJidUcm9vdIABAAgAEQAaACMALQAyADcAQABGAE0AVQBgAGcAagBsAG4AcQBzAHUAdwCEAI4ArACxALkCQQJDAkgCUwJcAmoCbgJ1An4CgwKQApMCpQKoAq0AAAAAAAACAQAAAAAAAAAoAAAAAAAAAAAAAAAAAAACrw==},
	Bdsk-File-2 = {YnBsaXN0MDDUAQIDBAUGJCVYJHZlcnNpb25YJG9iamVjdHNZJGFyY2hpdmVyVCR0b3ASAAGGoKgHCBMUFRYaIVUkbnVsbNMJCgsMDxJXTlMua2V5c1pOUy5vYmplY3RzViRjbGFzc6INDoACgAOiEBGABIAFgAdccmVsYXRpdmVQYXRoWWFsaWFzRGF0YV8QHy4uL0Rvd25sb2Fkcy9hYTIyMTY3LTEzICgxKS5wZGbSFwsYGVdOUy5kYXRhTxEBlAAAAAABlAACAAAMTWFjaW50b3NoIEhEAAAAAAAAAAAAAAAAAAAAy5iPB0grAAAABcciEmFhMjIxNjctMTMgKDEpLnBkZgAAAAAAAAAAAAAAAAAAAAAAAAAAAAAAAAAAAAAAAAAAAAAAAAAAAAAAAAAAAAHRMmTR58uaAAAAAAAAAAAAAQACAAAJIAAAAAAAAAAAAAAAAAAAAAlEb3dubG9hZHMAABAACAAAy5jjZwAAABEACAAA0egf+gAAAAEADAAFxyIABca/AAC6qwACADtNYWNpbnRvc2ggSEQ6VXNlcnM6AGNocmlzYWhuOgBEb3dubG9hZHM6AGFhMjIxNjctMTMgKDEpLnBkZgAADgAmABIAYQBhADIAMgAxADYANwAtADEAMwAgACgAMQApAC4AcABkAGYADwAaAAwATQBhAGMAaQBuAHQAbwBzAGgAIABIAEQAEgArVXNlcnMvY2hyaXNhaG4vRG93bmxvYWRzL2FhMjIxNjctMTMgKDEpLnBkZgAAEwABLwAAFQACAA///wAAgAbSGxwdHlokY2xhc3NuYW1lWCRjbGFzc2VzXU5TTXV0YWJsZURhdGGjHR8gVk5TRGF0YVhOU09iamVjdNIbHCIjXE5TRGljdGlvbmFyeaIiIF8QD05TS2V5ZWRBcmNoaXZlctEmJ1Ryb290gAEACAARABoAIwAtADIANwBAAEYATQBVAGAAZwBqAGwAbgBxAHMAdQB3AIQAjgCwALUAvQJVAlcCXAJnAnACfgKCAokCkgKXAqQCpwK5ArwCwQAAAAAAAAIBAAAAAAAAACgAAAAAAAAAAAAAAAAAAALD},
	Bdsk-File-3 = {YnBsaXN0MDDUAQIDBAUGJCVYJHZlcnNpb25YJG9iamVjdHNZJGFyY2hpdmVyVCR0b3ASAAGGoKgHCBMUFRYaIVUkbnVsbNMJCgsMDxJXTlMua2V5c1pOUy5vYmplY3RzViRjbGFzc6INDoACgAOiEBGABIAFgAdccmVsYXRpdmVQYXRoWWFsaWFzRGF0YV8QFy4uL3BhcGVycy9taWVza2VfMTMucGRm0hcLGBlXTlMuZGF0YU8RAXYAAAAAAXYAAgAADE1hY2ludG9zaCBIRAAAAAAAAAAAAAAAAAAAAMuYjwdIKwAAAdsi+Q1taWVza2VfMTMucGRmAAAAAAAAAAAAAAAAAAAAAAAAAAAAAAAAAAAAAAAAAAAAAAAAAAAAAAAAAAAAAAAAAAAB2yRS0gH86wAAAAAAAAAAAAEAAgAACSAAAAAAAAAAAAAAAAAAAAAGcGFwZXJzABAACAAAy5jjZwAAABEACAAA0gJRSwAAAAEADAHbIvkABca/AAC6qwACADNNYWNpbnRvc2ggSEQ6VXNlcnM6AGNocmlzYWhuOgBwYXBlcnM6AG1pZXNrZV8xMy5wZGYAAA4AHAANAG0AaQBlAHMAawBlAF8AMQAzAC4AcABkAGYADwAaAAwATQBhAGMAaQBuAHQAbwBzAGgAIABIAEQAEgAjVXNlcnMvY2hyaXNhaG4vcGFwZXJzL21pZXNrZV8xMy5wZGYAABMAAS8AABUAAgAP//8AAIAG0hscHR5aJGNsYXNzbmFtZVgkY2xhc3Nlc11OU011dGFibGVEYXRhox0fIFZOU0RhdGFYTlNPYmplY3TSGxwiI1xOU0RpY3Rpb25hcnmiIiBfEA9OU0tleWVkQXJjaGl2ZXLRJidUcm9vdIABAAgAEQAaACMALQAyADcAQABGAE0AVQBgAGcAagBsAG4AcQBzAHUAdwCEAI4AqACtALUCLwIxAjYCQQJKAlgCXAJjAmwCcQJ+AoECkwKWApsAAAAAAAACAQAAAAAAAAAoAAAAAAAAAAAAAAAAAAACnQ==},
	Bdsk-Url-1 = {http://dx.doi.org/10.1051/0004-6361/201322167}}

@article{mieskekroupa08,
	Adsnote = {Provided by the SAO/NASA Astrophysics Data System},
	Adsurl = {http://adsabs.harvard.edu/abs/2008ApJ...677..276M},
	Archiveprefix = {arXiv},
	Author = {{Mieske}, S. and {Kroupa}, P.},
	Doi = {10.1086/528739},
	Eprint = {0712.1821},
	Journal = {\apj},
	Keywords = {Cosmology: Dark Matter, Galaxies: Dwarf, Galaxy: Globular Clusters: General, Stars: Luminosity Function, Mass Function, Techniques: Spectroscopic},
	Month = apr,
	Pages = {276-282},
	Title = {{An Extreme IMF as an Explanation for High M/L Ratios in UCDs? The CO Index as a Tracer of Bottom-heavy IMFs}},
	Volume = 677,
	Year = 2008,
	Bdsk-Url-1 = {http://dx.doi.org/10.1086/528739}}
@ARTICLE{miller-jones12,
   author = {{Miller-Jones}, J.~C.~A. and {Wrobel}, J.~M. and {Sivakoff}, G.~R. and 
	{Heinke}, C.~O. and {Miller}, R.~E. and {Plotkin}, R.~M. and 
	{Di Stefano}, R. and {Greene}, J.~E. and {Ho}, L.~C. and {Joseph}, T.~D. and 
	{Kong}, A.~K.~H. and {Maccarone}, T.~J.},
    title = "{The Absence of Radio Emission from the Globular Cluster G1}",
  journal = {\apjl},
archivePrefix = "arXiv",
   eprint = {1206.5729},
 primaryClass = "astro-ph.HE",
 keywords = {accretion, accretion disks, globular clusters: individual: Mayall-II = G1, X-rays: binaries},
     year = 2012,
    month = aug,
   volume = 755,
      eid = {L1},
    pages = {L1},
      doi = {10.1088/2041-8205/755/1/L1},
   adsurl = {http://adsabs.harvard.edu/abs/2012ApJ...755L...1M},
  adsnote = {Provided by the SAO/NASA Astrophysics Data System}
}

@article{misgeldhilker11,
	Adsnote = {Provided by the SAO/NASA Astrophysics Data System},
	Adsurl = {http://adsabs.harvard.edu/abs/2011MNRAS.414.3699M},
	Archiveprefix = {arXiv},
	Author = {{Misgeld}, I. and {Hilker}, M.},
	Doi = {10.1111/j.1365-2966.2011.18669.x},
	Eprint = {1103.1628},
	Journal = {\mnras},
	Keywords = {globular clusters: general, galaxies: dwarf, galaxies: fundamental parameters, galaxies: star clusters: general},
	Month = jul,
	Pages = {3699-3710},
	Title = {{Families of dynamically hot stellar systems over 10 orders of magnitude in mass}},
	Volume = 414,
	Year = 2011,
	Bdsk-Url-1 = {http://dx.doi.org/10.1111/j.1365-2966.2011.18669.x}}

@article{murray09,
	Adsnote = {Provided by the SAO/NASA Astrophysics Data System},
	Adsurl = {http://adsabs.harvard.edu/abs/2009ApJ...691..946M},
	Archiveprefix = {arXiv},
	Author = {{Murray}, N.},
	Doi = {10.1088/0004-637X/691/2/946},
	Eprint = {0809.4320},
	Journal = {\apj},
	Keywords = {galaxies: star clusters, stars: luminosity function, mass function},
	Month = feb,
	Pages = {946-962},
	Title = {{The Sizes and Luminosities of Massive Star Clusters}},
	Volume = 691,
	Year = 2009,
	Bdsk-Url-1 = {http://dx.doi.org/10.1088/0004-637X/691/2/946}}
@ARTICLE{nguyen16,
   author = {{Nguyen}, D.~D. and {Seth}, A.~C. and {den Brok}, M. and {Neumayer}, N. and 
	{Cappellari}, M. and {Barth}, A.~J. and {Caldwell}, N. and {Williams}, B.~F. and 
	{Binder}, B.},
    title = "{Improved Dynamical Constraints on the Mass of the central Black Hole in NGC 404}",
  journal = {ArXiv e-prints},
archivePrefix = "arXiv",
   eprint = {1610.09385},
 keywords = {Astrophysics - Astrophysics of Galaxies},
     year = 2016,
    month = oct,
   adsurl = {http://adsabs.harvard.edu/abs/2016arXiv161009385N},
  adsnote = {Provided by the SAO/NASA Astrophysics Data System}
}
@ARTICLE{norris97,
   author = {{Norris}, J.~E. and {Freeman}, K.~C. and {Mayor}, M. and {Seitzer}, P.
	},
    title = "{The Giant Branch of {$\omega$} Centauri: The Dependence of Kinematics on Abundance}",
  journal = {\apjl},
 keywords = {GALAXY: GLOBULAR CLUSTERS: INDIVIDUAL NAME: OMEGA CENTAURI, STARS: ABUNDANCES, STARS: KINEMATICS, STARS: POPULATION II, Galaxy: Globular Clusters: Individual: Name: {$\omega$} Centauri, Stars: Abundances, Stars: Kinematics, Stars: Population II},
     year = 1997,
    month = oct,
   volume = 487,
    pages = {L187-L190},
      doi = {10.1086/310895},
   adsurl = {http://adsabs.harvard.edu/abs/1997ApJ...487L.187N},
  adsnote = {Provided by the SAO/NASA Astrophysics Data System}
}

@article{norris14,
	Adsnote = {Provided by the SAO/NASA Astrophysics Data System},
	Adsurl = {http://adsabs.harvard.edu/abs/2014MNRAS.443.1151N},
	Archiveprefix = {arXiv},
	Author = {{Norris}, M.~A. and {Kannappan}, S.~J. and {Forbes}, D.~A. and {Romanowsky}, A.~J. and {Brodie}, J.~P. and {Faifer}, F.~R. and {Huxor}, A. and {Maraston}, C. and {Moffett}, A.~J. and {Penny}, S.~J. and {Pota}, V. and {Smith-Castelli}, A. and {Strader}, J. and {Bradley}, D. and {Eckert}, K.~D. and {Fohring}, D. and {McBride}, J. and {Stark}, D.~V. and {Vaduvescu}, O.},
	Doi = {10.1093/mnras/stu1186},
	Eprint = {1406.6065},
	Journal = {\mnras},
	Keywords = {galaxies: dwarf, galaxies: evolution, galaxies: formation, galaxies: kinematics and dynamics},
	Month = sep,
	Pages = {1151-1172},
	Title = {{The AIMSS Project - I. Bridging the star cluster-galaxy divide}},
	Volume = 443,
	Year = 2014,
	Bdsk-Url-1 = {http://dx.doi.org/10.1093/mnras/stu1186}}
@ARTICLE{norris15,
   author = {{Norris}, M.~A. and {Escudero}, C.~G. and {Faifer}, F.~R. and 
	{Kannappan}, S.~J. and {Forte}, J.~C. and {van den Bosch}, R.~C.~E.
	},
    title = "{An extended star formation history in an ultra-compact dwarf}",
  journal = {\mnras},
archivePrefix = "arXiv",
   eprint = {1506.00004},
 keywords = {galaxies: dwarf, galaxies: evolution, galaxies: formation, galaxies: kinematics and dynamics, galaxies: stellar content},
     year = 2015,
    month = aug,
   volume = 451,
    pages = {3615-3626},
      doi = {10.1093/mnras/stv1221},
   adsurl = {http://adsabs.harvard.edu/abs/2015MNRAS.451.3615N},
  adsnote = {Provided by the SAO/NASA Astrophysics Data System}
}

@article{norriskap11,
	Adsnote = {Provided by the SAO/NASA Astrophysics Data System},
	Adsurl = {http://adsabs.harvard.edu/abs/2011MNRAS.414..739N},
	Archiveprefix = {arXiv},
	Author = {{Norris}, M.~A. and {Kannappan}, S.~J.},
	Doi = {10.1111/j.1365-2966.2011.18440.x},
	Eprint = {1102.0001},
	Journal = {\mnras},
	Keywords = {galaxies: individual: NGC 3923, galaxies: individual: NGC 4546, galaxies: star clusters},
	Month = jun,
	Pages = {739-758},
	Title = {{The ubiquity and dual nature of ultra-compact dwarfs}},
	Volume = 414,
	Year = 2011,
	Bdsk-Url-1 = {http://dx.doi.org/10.1111/j.1365-2966.2011.18440.x}}
@ARTICLE{noyola10,
   author = {{Noyola}, E. and {Gebhardt}, K. and {Kissler-Patig}, M. and 
	{L{\"u}tzgendorf}, N. and {Jalali}, B. and {de Zeeuw}, P.~T. and 
	{Baumgardt}, H.},
    title = "{Very Large Telescope Kinematics for Omega Centauri: Further Support for a Central Black Hole}",
  journal = {\apjl},
archivePrefix = "arXiv",
   eprint = {1007.4559},
 keywords = {black hole physics, globular clusters: individual: {$\omega$} Centauri, stars: kinematics and dynamics},
     year = 2010,
    month = aug,
   volume = 719,
    pages = {L60-L64},
      doi = {10.1088/2041-8205/719/1/L60},
   adsurl = {http://adsabs.harvard.edu/abs/2010ApJ...719L..60N},
  adsnote = {Provided by the SAO/NASA Astrophysics Data System}
}
@ARTICLE{pandya16,
   author = {{Pandya}, V. and {Mulchaey}, J. and {Greene}, J.~E.},
    title = "{A Comprehensive Archival Chandra Search for X-Ray Emission from Ultracompact Dwarf Galaxies}",
  journal = {\apj},
archivePrefix = "arXiv",
   eprint = {1601.01690},
 keywords = {accretion, accretion disks, galaxies: active, galaxies: dwarf, quasars: supermassive black holes, X-rays: binaries, X-rays: galaxies},
     year = 2016,
    month = mar,
   volume = 819,
      eid = {162},
    pages = {162},
      doi = {10.3847/0004-637X/819/2/162},
   adsurl = {http://adsabs.harvard.edu/abs/2016ApJ...819..162P},
  adsnote = {Provided by the SAO/NASA Astrophysics Data System}
}

@ARTICLE{paudel11,
   author = {{Paudel}, S. and {Lisker}, T. and {Kuntschner}, H.},
    title = "{Nuclei of early-type dwarf galaxies: insights from stellar populations}",
  journal = {\mnras},
archivePrefix = "arXiv",
   eprint = {1012.4092},
 keywords = {galaxies: clusters: individual: Virgo, galaxies: dwarf, galaxies: elliptical and lenticular, cD, galaxies: evolution, galaxies: formation, galaxies: stellar content},
     year = 2011,
    month = may,
   volume = 413,
    pages = {1764-1776},
      doi = {10.1111/j.1365-2966.2011.18256.x},
   adsurl = {http://adsabs.harvard.edu/abs/2011MNRAS.413.1764P},
  adsnote = {Provided by the SAO/NASA Astrophysics Data System}
}
@ARTICLE{peebles72,
   author = {{Peebles}, P.~J.~E.},
    title = "{Star Distribution Near a Collapsed Object}",
  journal = {\apj},
     year = 1972,
    month = dec,
   volume = 178,
    pages = {371-376},
      doi = {10.1086/151797},
   adsurl = {http://adsabs.harvard.edu/abs/1972ApJ...178..371P},
  adsnote = {Provided by the SAO/NASA Astrophysics Data System}
}

@ARTICLE{peng02,
   author = {{Peng}, C.~Y. and {Ho}, L.~C. and {Impey}, C.~D. and {Rix}, H.-W.
	},
    title = "{Detailed Structural Decomposition of Galaxy Images}",
  journal = {\aj},
   eprint = {astro-ph/0204182},
 keywords = {Galaxies: Bulges, Galaxies: Fundamental Parameters, Galaxies: Nuclei, Galaxies: Structure, Techniques: Image Processing, Techniques: Photometric},
     year = 2002,
    month = jul,
   volume = 124,
    pages = {266-293},
      doi = {10.1086/340952},
   adsurl = {http://adsabs.harvard.edu/abs/2002AJ....124..266P},
  adsnote = {Provided by the SAO/NASA Astrophysics Data System}
}

@ARTICLE{peng10,
   author = {{Peng}, C.~Y. and {Ho}, L.~C. and {Impey}, C.~D. and {Rix}, H.-W.
	},
    title = "{Detailed Decomposition of Galaxy Images. II. Beyond Axisymmetric Models}",
  journal = {\aj},
archivePrefix = "arXiv",
   eprint = {0912.0731},
 keywords = {galaxies: bulges, galaxies: fundamental parameters, galaxies: structure, techniques: image processing, techniques: photometric},
     year = 2010,
    month = jun,
   volume = 139,
    pages = {2097-2129},
      doi = {10.1088/0004-6256/139/6/2097},
   adsurl = {http://adsabs.harvard.edu/abs/2010AJ....139.2097P},
  adsnote = {Provided by the SAO/NASA Astrophysics Data System}
}

@article{pfeffer13,
	Adsnote = {Provided by the SAO/NASA Astrophysics Data System},
	Adsurl = {http://adsabs.harvard.edu/abs/2013MNRAS.433.1997P},
	Archiveprefix = {arXiv},
	Author = {{Pfeffer}, J. and {Baumgardt}, H.},
	Doi = {10.1093/mnras/stt867},
	Eprint = {1305.3656},
	Journal = {\mnras},
	Keywords = {methods: numerical, galaxies: dwarf, galaxies: formation, galaxies: interactions, galaxies: star clusters: general},
	Month = aug,
	Pages = {1997-2005},
	Primaryclass = {astro-ph.GA},
	Title = {{Ultra-compact dwarf galaxy formation by tidal stripping of nucleated dwarf galaxies}},
	Volume = 433,
	Year = 2013,
	Bdsk-Url-1 = {http://dx.doi.org/10.1093/mnras/stt867}}

@article{pfeffer14,
	Adsnote = {Provided by the SAO/NASA Astrophysics Data System},
	Adsurl = {http://adsabs.harvard.edu/abs/2014MNRAS.444.3670P},
	Archiveprefix = {arXiv},
	Author = {{Pfeffer}, J. and {Griffen}, B.~F. and {Baumgardt}, H. and {Hilker}, M.},
	Doi = {10.1093/mnras/stu1705},
	Eprint = {1408.4467},
	Journal = {\mnras},
	Keywords = {methods: numerical, galaxies: dwarf, galaxies: formation, galaxies: interactions, galaxies: star clusters: general},
	Month = nov,
	Pages = {3670-3683},
	Title = {{Contribution of stripped nuclear clusters to globular cluster and ultracompact dwarf galaxy populations}},
	Volume = 444,
	Year = 2014,
	Bdsk-Url-1 = {http://dx.doi.org/10.1093/mnras/stu1705}}
@ARTICLE{pfeffer16,
   author = {{Pfeffer}, J. and {Hilker}, M. and {Baumgardt}, H. and {Griffen}, B.~F.
	},
    title = "{Constraining ultracompact dwarf galaxy formation with galaxy clusters in the local universe}",
  journal = {\mnras},
archivePrefix = "arXiv",
   eprint = {1603.00032},
 keywords = {methods: numerical, galaxies: dwarf, galaxies: formation, galaxies: interactions, galaxies: star clusters: general},
     year = 2016,
    month = may,
   volume = 458,
    pages = {2492-2508},
      doi = {10.1093/mnras/stw498},
   adsurl = {http://adsabs.harvard.edu/abs/2016MNRAS.458.2492P},
  adsnote = {Provided by the SAO/NASA Astrophysics Data System}
}
@ARTICLE{phillips13,
   author = {{Phillipps}, S. and {Young}, A.~J. and {Drinkwater}, M.~J. and 
	{Gregg}, M.~D. and {Karick}, A.},
    title = "{X-ray sources in compact stellar systems in the Fornax Cluster}",
  journal = {\mnras},
 keywords = {surveys, galaxies: clusters: individual: Fornax, galaxies: dwarf, galaxies: star clusters, X-rays: binaries},
     year = 2013,
    month = aug,
   volume = 433,
    pages = {1444-1452},
      doi = {10.1093/mnras/stt820},
   adsurl = {http://adsabs.harvard.edu/abs/2013MNRAS.433.1444P},
  adsnote = {Provided by the SAO/NASA Astrophysics Data System}
}
@ARTICLE{reines13,
   author = {{Reines}, A.~E. and {Greene}, J.~E. and {Geha}, M.},
    title = "{Dwarf Galaxies with Optical Signatures of Active Massive Black Holes}",
  journal = {\apj},
archivePrefix = "arXiv",
   eprint = {1308.0328},
 keywords = {galaxies: active, galaxies: dwarf, galaxies: nuclei, galaxies: Seyfert},
     year = 2013,
    month = oct,
   volume = 775,
      eid = {116},
    pages = {116},
      doi = {10.1088/0004-637X/775/2/116},
   adsurl = {http://adsabs.harvard.edu/abs/2013ApJ...775..116R},
  adsnote = {Provided by the SAO/NASA Astrophysics Data System}
}

@ARTICLE{saglia16,
   author = {{Saglia}, R.~P. and {Opitsch}, M. and {Erwin}, P. and {Thomas}, J. and 
	{Beifiori}, A. and {Fabricius}, M. and {Mazzalay}, X. and {Nowak}, N. and 
	{Rusli}, S.~P. and {Bender}, R.},
    title = "{The SINFONI Black Hole Survey: The Black Hole Fundamental Plane Revisited and the Paths of (Co)evolution of Supermassive Black Holes and Bulges}",
  journal = {\apj},
archivePrefix = "arXiv",
   eprint = {1601.00974},
 keywords = {galaxies: bulges, galaxies: elliptical and lenticular, cD, galaxies: fundamental parameters, galaxies: spiral, quasars: supermassive black holes},
     year = 2016,
    month = feb,
   volume = 818,
      eid = {47},
    pages = {47},
      doi = {10.3847/0004-637X/818/1/47},
   adsurl = {http://adsabs.harvard.edu/abs/2016ApJ...818...47S},
  adsnote = {Provided by the SAO/NASA Astrophysics Data System}
}

@article{sandoval15,
	Adsnote = {Provided by the SAO/NASA Astrophysics Data System},
	Adsurl = {http://adsabs.harvard.edu/abs/2015ApJ...808L..32S},
	Archiveprefix = {arXiv},
	Author = {{Sandoval}, M.~A. and {Vo}, R.~P. and {Romanowsky}, A.~J. and {Strader}, J. and {Choi}, J. and {Jennings}, Z.~G. and {Conroy}, C. and {Brodie}, J.~P. and {Foster}, C. and {Villaume}, A. and {Norris}, M.~A. and {Janz}, J. and {Forbes}, D.~A.},
	Doi = {10.1088/2041-8205/808/1/L32},
	Eid = {L32},
	Eprint = {1506.08828},
	Journal = {\apjl},
	Keywords = {galaxies: fundamental parameters, galaxies: nuclei, galaxies: star clusters: general},
	Month = jul,
	Pages = {L32},
	Title = {{Hiding in Plain Sight: Record-breaking Compact Stellar Systems in the Sloan Digital Sky Survey}},
	Volume = 808,
	Year = 2015,
	Bdsk-File-1 = {YnBsaXN0MDDUAQIDBAUGJCVYJHZlcnNpb25YJG9iamVjdHNZJGFyY2hpdmVyVCR0b3ASAAGGoKgHCBMUFRYaIVUkbnVsbNMJCgsMDxJXTlMua2V5c1pOUy5vYmplY3RzViRjbGFzc6INDoACgAOiEBGABIAFgAdccmVsYXRpdmVQYXRoWWFsaWFzRGF0YV8QHy4uL0Rvd25sb2Fkcy9hcGpsXzgwOF8xX0wzMi5wZGbSFwsYGVdOUy5kYXRhTxEBlAAAAAABlAACAAAMTWFjaW50b3NoIEhEAAAAAAAAAAAAAAAAAAAAy5iPB0grAAAABcciEmFwamxfODA4XzFfTDMyLnBkZgAAAAAAAAAAAAAAAAAAAAAAAAAAAAAAAAAAAAAAAAAAAAAAAAAAAAAAAAAAAAHQs1vR55j0AAAAAAAAAAAAAQACAAAJIAAAAAAAAAAAAAAAAAAAAAlEb3dubG9hZHMAABAACAAAy5jjZwAAABEACAAA0eftVAAAAAEADAAFxyIABca/AAC6qwACADtNYWNpbnRvc2ggSEQ6VXNlcnM6AGNocmlzYWhuOgBEb3dubG9hZHM6AGFwamxfODA4XzFfTDMyLnBkZgAADgAmABIAYQBwAGoAbABfADgAMAA4AF8AMQBfAEwAMwAyAC4AcABkAGYADwAaAAwATQBhAGMAaQBuAHQAbwBzAGgAIABIAEQAEgArVXNlcnMvY2hyaXNhaG4vRG93bmxvYWRzL2FwamxfODA4XzFfTDMyLnBkZgAAEwABLwAAFQACAA///wAAgAbSGxwdHlokY2xhc3NuYW1lWCRjbGFzc2VzXU5TTXV0YWJsZURhdGGjHR8gVk5TRGF0YVhOU09iamVjdNIbHCIjXE5TRGljdGlvbmFyeaIiIF8QD05TS2V5ZWRBcmNoaXZlctEmJ1Ryb290gAEACAARABoAIwAtADIANwBAAEYATQBVAGAAZwBqAGwAbgBxAHMAdQB3AIQAjgCwALUAvQJVAlcCXAJnAnACfgKCAokCkgKXAqQCpwK5ArwCwQAAAAAAAAIBAAAAAAAAACgAAAAAAAAAAAAAAAAAAALD},
	Bdsk-File-2 = {YnBsaXN0MDDUAQIDBAUGJCVYJHZlcnNpb25YJG9iamVjdHNZJGFyY2hpdmVyVCR0b3ASAAGGoKgHCBMUFRYaIVUkbnVsbNMJCgsMDxJXTlMua2V5c1pOUy5vYmplY3RzViRjbGFzc6INDoACgAOiEBGABIAFgAdccmVsYXRpdmVQYXRoWWFsaWFzRGF0YV8QGS4uL3BhcGVycy9zYW5kb3ZhbF8xNS5wZGbSFwsYGVdOUy5kYXRhTxEBfgAAAAABfgACAAAMTWFjaW50b3NoIEhEAAAAAAAAAAAAAAAAAAAAy5iPB0grAAAB2yL5D3NhbmRvdmFsXzE1LnBkZgAAAAAAAAAAAAAAAAAAAAAAAAAAAAAAAAAAAAAAAAAAAAAAAAAAAAAAAAAAAAAAAAHbKTPSAf48AAAAAAAAAAAAAQACAAAJIAAAAAAAAAAAAAAAAAAAAAZwYXBlcnMAEAAIAADLmONnAAAAEQAIAADSAlKcAAAAAQAMAdsi+QAFxr8AALqrAAIANU1hY2ludG9zaCBIRDpVc2VyczoAY2hyaXNhaG46AHBhcGVyczoAc2FuZG92YWxfMTUucGRmAAAOACAADwBzAGEAbgBkAG8AdgBhAGwAXwAxADUALgBwAGQAZgAPABoADABNAGEAYwBpAG4AdABvAHMAaAAgAEgARAASACVVc2Vycy9jaHJpc2Fobi9wYXBlcnMvc2FuZG92YWxfMTUucGRmAAATAAEvAAAVAAIAD///AACABtIbHB0eWiRjbGFzc25hbWVYJGNsYXNzZXNdTlNNdXRhYmxlRGF0YaMdHyBWTlNEYXRhWE5TT2JqZWN00hscIiNcTlNEaWN0aW9uYXJ5oiIgXxAPTlNLZXllZEFyY2hpdmVy0SYnVHJvb3SAAQAIABEAGgAjAC0AMgA3AEAARgBNAFUAYABnAGoAbABuAHEAcwB1AHcAhACOAKoArwC3AjkCOwJAAksCVAJiAmYCbQJ2AnsCiAKLAp0CoAKlAAAAAAAAAgEAAAAAAAAAKAAAAAAAAAAAAAAAAAAAAqc=},
	Bdsk-Url-1 = {http://dx.doi.org/10.1088/2041-8205/808/1/L32}}
@ARTICLE{schlafly11,
   author = {{Schlafly}, E.~F. and {Finkbeiner}, D.~P.},
    title = "{Measuring Reddening with Sloan Digital Sky Survey Stellar Spectra and Recalibrating SFD}",
  journal = {\apj},
archivePrefix = "arXiv",
   eprint = {1012.4804},
 primaryClass = "astro-ph.GA",
 keywords = {dust, extinction, Galaxy: stellar content, ISM: clouds},
     year = 2011,
    month = aug,
   volume = 737,
      eid = {103},
    pages = {103},
      doi = {10.1088/0004-637X/737/2/103},
   adsurl = {http://adsabs.harvard.edu/abs/2011ApJ...737..103S},
  adsnote = {Provided by the SAO/NASA Astrophysics Data System}
}

@ARTICLE{schodel09,
   author = {{Sch{\"o}del}, R. and {Merritt}, D. and {Eckart}, A.},
    title = "{The nuclear star cluster of the Milky Way: proper motions and mass}",
  journal = {\aap},
archivePrefix = "arXiv",
   eprint = {0902.3892},
 keywords = {instrumentation: adaptive optics, techniques: high angular resolution, stars: kinematics, Galaxy: center, Galaxy: structure},
     year = 2009,
    month = jul,
   volume = 502,
    pages = {91-111},
      doi = {10.1051/0004-6361/200810922},
   adsurl = {http://adsabs.harvard.edu/abs/2009A%26A...502...91S},
  adsnote = {Provided by the SAO/NASA Astrophysics Data System}
}
@ARTICLE{scott13,
   author = {{Scott}, N. and {Graham}, A.~W.},
    title = "{Updated Mass Scaling Relations for Nuclear Star Clusters and a Comparison to Supermassive Black Holes}",
  journal = {\apj},
archivePrefix = "arXiv",
   eprint = {1205.5338},
 primaryClass = "astro-ph.CO",
 keywords = {galaxies: fundamental parameters, galaxies: kinematics and dynamics, galaxies: nuclei, galaxies: star clusters: general, galaxies: structure },
     year = 2013,
    month = feb,
   volume = 763,
      eid = {76},
    pages = {76},
      doi = {10.1088/0004-637X/763/2/76},
   adsurl = {http://adsabs.harvard.edu/abs/2013ApJ...763...76S},
  adsnote = {Provided by the SAO/NASA Astrophysics Data System}
}

@article{seth14,
	Adsnote = {Provided by the SAO/NASA Astrophysics Data System},
	Adsurl = {http://adsabs.harvard.edu/abs/2014Natur.513..398S},
	Archiveprefix = {arXiv},
	Author = {{Seth}, A.~C. and {van den Bosch}, R. and {Mieske}, S. and {Baumgardt}, H. and {Brok}, M.~D. and {Strader}, J. and {Neumayer}, N. and {Chilingarian}, I. and {Hilker}, M. and {McDermid}, R. and {Spitler}, L. and {Brodie}, J. and {Frank}, M.~J. and {Walsh}, J.~L.},
	Doi = {10.1038/nature13762},
	Eprint = {1409.4769},
	Journal = {\nat},
	Month = sep,
	Pages = {398-400},
	Title = {{A supermassive black hole in an ultra-compact dwarf galaxy}},
	Volume = 513,
	Year = 2014,
	Bdsk-File-1 = {YnBsaXN0MDDUAQIDBAUGJCVYJHZlcnNpb25YJG9iamVjdHNZJGFyY2hpdmVyVCR0b3ASAAGGoKgHCBMUFRYaIVUkbnVsbNMJCgsMDxJXTlMua2V5c1pOUy5vYmplY3RzViRjbGFzc6INDoACgAOiEBGABIAFgAdccmVsYXRpdmVQYXRoWWFsaWFzRGF0YV8QHC4uL0Rvd25sb2Fkcy8xNDA5LjQ3Njl2Mi5wZGbSFwsYGVdOUy5kYXRhTxEBhgAAAAABhgACAAAMTWFjaW50b3NoIEhEAAAAAAAAAAAAAAAAAAAAy5iPB0grAAAABcciDzE0MDkuNDc2OXYyLnBkZgAAAAAAAAAAAAAAAAAAAAAAAAAAAAAAAAAAAAAAAAAAAAAAAAAAAAAAAAAAAAAAAAHNgDHR38IXAAAAAAAAAAAAAQACAAAJIAAAAAAAAAAAAAAAAAAAAAlEb3dubG9hZHMAABAACAAAy5jjZwAAABEACAAA0eAWdwAAAAEADAAFxyIABca/AAC6qwACADhNYWNpbnRvc2ggSEQ6VXNlcnM6AGNocmlzYWhuOgBEb3dubG9hZHM6ADE0MDkuNDc2OXYyLnBkZgAOACAADwAxADQAMAA5AC4ANAA3ADYAOQB2ADIALgBwAGQAZgAPABoADABNAGEAYwBpAG4AdABvAHMAaAAgAEgARAASAChVc2Vycy9jaHJpc2Fobi9Eb3dubG9hZHMvMTQwOS40NzY5djIucGRmABMAAS8AABUAAgAP//8AAIAG0hscHR5aJGNsYXNzbmFtZVgkY2xhc3Nlc11OU011dGFibGVEYXRhox0fIFZOU0RhdGFYTlNPYmplY3TSGxwiI1xOU0RpY3Rpb25hcnmiIiBfEA9OU0tleWVkQXJjaGl2ZXLRJidUcm9vdIABAAgAEQAaACMALQAyADcAQABGAE0AVQBgAGcAagBsAG4AcQBzAHUAdwCEAI4ArQCyALoCRAJGAksCVgJfAm0CcQJ4AoEChgKTApYCqAKrArAAAAAAAAACAQAAAAAAAAAoAAAAAAAAAAAAAAAAAAACsg==},
	Bdsk-File-2 = {YnBsaXN0MDDUAQIDBAUGJCVYJHZlcnNpb25YJG9iamVjdHNZJGFyY2hpdmVyVCR0b3ASAAGGoKgHCBMUFRYaIVUkbnVsbNMJCgsMDxJXTlMua2V5c1pOUy5vYmplY3RzViRjbGFzc6INDoACgAOiEBGABIAFgAdccmVsYXRpdmVQYXRoWWFsaWFzRGF0YV8QFS4uL3BhcGVycy9zZXRoXzE0LnBkZtIXCxgZV05TLmRhdGFPEQFuAAAAAAFuAAIAAAxNYWNpbnRvc2ggSEQAAAAAAAAAAAAAAAAAAADLmI8HSCsAAAHbIvkLc2V0aF8xNC5wZGYAAAAAAAAAAAAAAAAAAAAAAAAAAAAAAAAAAAAAAAAAAAAAAAAAAAAAAAAAAAAAAAAAAAAAAdsp4dIB/l4AAAAAAAAAAAABAAIAAAkgAAAAAAAAAAAAAAAAAAAABnBhcGVycwAQAAgAAMuY42cAAAARAAgAANICUr4AAAABAAwB2yL5AAXGvwAAuqsAAgAxTWFjaW50b3NoIEhEOlVzZXJzOgBjaHJpc2FobjoAcGFwZXJzOgBzZXRoXzE0LnBkZgAADgAYAAsAcwBlAHQAaABfADEANAAuAHAAZABmAA8AGgAMAE0AYQBjAGkAbgB0AG8AcwBoACAASABEABIAIVVzZXJzL2NocmlzYWhuL3BhcGVycy9zZXRoXzE0LnBkZgAAEwABLwAAFQACAA///wAAgAbSGxwdHlokY2xhc3NuYW1lWCRjbGFzc2VzXU5TTXV0YWJsZURhdGGjHR8gVk5TRGF0YVhOU09iamVjdNIbHCIjXE5TRGljdGlvbmFyeaIiIF8QD05TS2V5ZWRBcmNoaXZlctEmJ1Ryb290gAEACAARABoAIwAtADIANwBAAEYATQBVAGAAZwBqAGwAbgBxAHMAdQB3AIQAjgCmAKsAswIlAicCLAI3AkACTgJSAlkCYgJnAnQCdwKJAowCkQAAAAAAAAIBAAAAAAAAACgAAAAAAAAAAAAAAAAAAAKT},
	Bdsk-Url-1 = {http://dx.doi.org/10.1038/nature13762}}

@article{seth10,
	Adsnote = {Provided by the SAO/NASA Astrophysics Data System},
	Adsurl = {http://adsabs.harvard.edu/abs/2010ApJ...714..713S},
	Archiveprefix = {arXiv},
	Author = {{Seth}, A.~C. and {Cappellari}, M. and {Neumayer}, N. and {Caldwell}, N. and {Bastian}, N. and {Olsen}, K. and {Blum}, R.~D. and {Debattista}, V.~P. and {McDermid}, R. and {Puzia}, T. and {Stephens}, A.},
	Doi = {10.1088/0004-637X/714/1/713},
	Eprint = {1003.0680},
	Journal = {\apj},
	Keywords = {galaxies: elliptical and lenticular, cD, galaxies: formation, galaxies: individual: NGC 404, galaxies: kinematics and dynamics, galaxies: nuclei, galaxies: structure},
	Month = may,
	Pages = {713-731},
	Primaryclass = {astro-ph.CO},
	Title = {{The NGC 404 Nucleus: Star Cluster and Possible Intermediate-mass Black Hole}},
	Volume = 714,
	Year = 2010,
	Bdsk-File-1 = {YnBsaXN0MDDUAQIDBAUGJCVYJHZlcnNpb25YJG9iamVjdHNZJGFyY2hpdmVyVCR0b3ASAAGGoKgHCBMUFRYaIVUkbnVsbNMJCgsMDxJXTlMua2V5c1pOUy5vYmplY3RzViRjbGFzc6INDoACgAOiEBGABIAFgAdccmVsYXRpdmVQYXRoWWFsaWFzRGF0YV8QFC4uL3BhcGVycy9zZXRoMTAucGRm0hcLGBlXTlMuZGF0YU8RAWgAAAAAAWgAAgAADE1hY2ludG9zaCBIRAAAAAAAAAAAAAAAAAAAAMuYjwdIKwAAAdsi+QpzZXRoMTAucGRmAAAAAAAAAAAAAAAAAAAAAAAAAAAAAAAAAAAAAAAAAAAAAAAAAAAAAAAAAAAAAAAAAAAAAAACLre70p7rQwAAAAAAAAAAAAEAAgAACSAAAAAAAAAAAAAAAAAAAAAGcGFwZXJzABAACAAAy5jjZwAAABEACAAA0p9NswAAAAEADAHbIvkABca/AAC6qwACADBNYWNpbnRvc2ggSEQ6VXNlcnM6AGNocmlzYWhuOgBwYXBlcnM6AHNldGgxMC5wZGYADgAWAAoAcwBlAHQAaAAxADAALgBwAGQAZgAPABoADABNAGEAYwBpAG4AdABvAHMAaAAgAEgARAASACBVc2Vycy9jaHJpc2Fobi9wYXBlcnMvc2V0aDEwLnBkZgATAAEvAAAVAAIAD///AACABtIbHB0eWiRjbGFzc25hbWVYJGNsYXNzZXNdTlNNdXRhYmxlRGF0YaMdHyBWTlNEYXRhWE5TT2JqZWN00hscIiNcTlNEaWN0aW9uYXJ5oiIgXxAPTlNLZXllZEFyY2hpdmVy0SYnVHJvb3SAAQAIABEAGgAjAC0AMgA3AEAARgBNAFUAYABnAGoAbABuAHEAcwB1AHcAhACOAKUAqgCyAh4CIAIlAjACOQJHAksCUgJbAmACbQJwAoIChQKKAAAAAAAAAgEAAAAAAAAAKAAAAAAAAAAAAAAAAAAAAow=},
	Bdsk-Url-1 = {http://dx.doi.org/10.1088/0004-637X/714/1/713}}
@ARTICLE{shanahan15,
   author = {{Shanahan}, R.~L. and {Gieles}, M.},
    title = "{Biases in the inferred mass-to-light ratio of globular clusters: no need for variations in the stellar mass function}",
  journal = {\mnras},
archivePrefix = "arXiv",
   eprint = {1501.04971},
 keywords = {globular clusters: general, open clusters and associations: general},
     year = 2015,
    month = mar,
   volume = 448,
    pages = {L94-L98},
      doi = {10.1093/mnrasl/slu205},
   adsurl = {http://adsabs.harvard.edu/abs/2015MNRAS.448L..94S},
  adsnote = {Provided by the SAO/NASA Astrophysics Data System}
}

@article{strader11,
	Adsnote = {Provided by the SAO/NASA Astrophysics Data System},
	Adsurl = {http://adsabs.harvard.edu/abs/2011AJ....142....8S},
	Archiveprefix = {arXiv},
	Author = {{Strader}, J. and {Caldwell}, N. and {Seth}, A.~C.},
	Doi = {10.1088/0004-6256/142/1/8},
	Eid = {8},
	Eprint = {1104.4649},
	Journal = {\aj},
	Keywords = {galaxies: individual: M31, galaxies: star clusters: general, globular clusters: general, stars: luminosity function, mass function},
	Month = jul,
	Pages = {8},
	Primaryclass = {astro-ph.CO},
	Title = {{Star Clusters in M31. V. Internal Dynamical Trends: Some Troublesome, Some Reassuring}},
	Volume = 142,
	Year = 2011,
	Bdsk-Url-1 = {http://dx.doi.org/10.1088/0004-6256/142/1/8}}

@article{strader13,
	Adsnote = {Provided by the SAO/NASA Astrophysics Data System},
	Adsurl = {http://adsabs.harvard.edu/abs/2013ApJ...775L...6S},
	Archiveprefix = {arXiv},
	Author = {{Strader}, J. and {Seth}, A.~C. and {Forbes}, D.~A. and {Fabbiano}, G. and {Romanowsky}, A.~J. and {Brodie}, J.~P. and {Conroy}, C. and {Caldwell}, N. and {Pota}, V. and {Usher}, C. and {Arnold}, J.~A.},
	Doi = {10.1088/2041-8205/775/1/L6},
	Eid = {L6},
	Eprint = {1307.7707},
	Journal = {\apjl},
	Keywords = {galaxies: dwarf, galaxies: elliptical and lenticular, cD, galaxies: individual: M60, galaxies: kinematics and dynamics, galaxies: star clusters: general},
	Month = sep,
	Pages = {L6},
	Primaryclass = {astro-ph.CO},
	Title = {{The Densest Galaxy}},
	Volume = 775,
	Year = 2013,
	Bdsk-File-1 = {YnBsaXN0MDDUAQIDBAUGJCVYJHZlcnNpb25YJG9iamVjdHNZJGFyY2hpdmVyVCR0b3ASAAGGoKgHCBMUFRYaIVUkbnVsbNMJCgsMDxJXTlMua2V5c1pOUy5vYmplY3RzViRjbGFzc6INDoACgAOiEBGABIAFgAdccmVsYXRpdmVQYXRoWWFsaWFzRGF0YV8QIS4uL0Rvd25sb2Fkcy9hcGpsXzc3NV8xXzYgKDEpLnBkZtIXCxgZV05TLmRhdGFPEQGcAAAAAAGcAAIAAAxNYWNpbnRvc2ggSEQAAAAAAAAAAAAAAAAAAADLmI8HSCsAAAAFxyIUYXBqbF83NzVfMV82ICgxKS5wZGYAAAAAAAAAAAAAAAAAAAAAAAAAAAAAAAAAAAAAAAAAAAAAAAAAAAAAAAAAAdEx1NHny2YAAAAAAAAAAAABAAIAAAkgAAAAAAAAAAAAAAAAAAAACURvd25sb2FkcwAAEAAIAADLmONnAAAAEQAIAADR6B/GAAAAAQAMAAXHIgAFxr8AALqrAAIAPU1hY2ludG9zaCBIRDpVc2VyczoAY2hyaXNhaG46AERvd25sb2FkczoAYXBqbF83NzVfMV82ICgxKS5wZGYAAA4AKgAUAGEAcABqAGwAXwA3ADcANQBfADEAXwA2ACAAKAAxACkALgBwAGQAZgAPABoADABNAGEAYwBpAG4AdABvAHMAaAAgAEgARAASAC1Vc2Vycy9jaHJpc2Fobi9Eb3dubG9hZHMvYXBqbF83NzVfMV82ICgxKS5wZGYAABMAAS8AABUAAgAP//8AAIAG0hscHR5aJGNsYXNzbmFtZVgkY2xhc3Nlc11OU011dGFibGVEYXRhox0fIFZOU0RhdGFYTlNPYmplY3TSGxwiI1xOU0RpY3Rpb25hcnmiIiBfEA9OU0tleWVkQXJjaGl2ZXLRJidUcm9vdIABAAgAEQAaACMALQAyADcAQABGAE0AVQBgAGcAagBsAG4AcQBzAHUAdwCEAI4AsgC3AL8CXwJhAmYCcQJ6AogCjAKTApwCoQKuArECwwLGAssAAAAAAAACAQAAAAAAAAAoAAAAAAAAAAAAAAAAAAACzQ==},
	Bdsk-File-2 = {YnBsaXN0MDDUAQIDBAUGJCVYJHZlcnNpb25YJG9iamVjdHNZJGFyY2hpdmVyVCR0b3ASAAGGoKgHCBMUFRYaIVUkbnVsbNMJCgsMDxJXTlMua2V5c1pOUy5vYmplY3RzViRjbGFzc6INDoACgAOiEBGABIAFgAdccmVsYXRpdmVQYXRoWWFsaWFzRGF0YV8QGC4uL3BhcGVycy9zdHJhZGVyXzEzLnBkZtIXCxgZV05TLmRhdGFPEQF4AAAAAAF4AAIAAAxNYWNpbnRvc2ggSEQAAAAAAAAAAAAAAAAAAADLmI8HSCsAAAHbIvkOc3RyYWRlcl8xMy5wZGYAAAAAAAAAAAAAAAAAAAAAAAAAAAAAAAAAAAAAAAAAAAAAAAAAAAAAAAAAAAAAAAAAAdsqa9IB/oAAAAAAAAAAAAABAAIAAAkgAAAAAAAAAAAAAAAAAAAABnBhcGVycwAQAAgAAMuY42cAAAARAAgAANICUuAAAAABAAwB2yL5AAXGvwAAuqsAAgA0TWFjaW50b3NoIEhEOlVzZXJzOgBjaHJpc2FobjoAcGFwZXJzOgBzdHJhZGVyXzEzLnBkZgAOAB4ADgBzAHQAcgBhAGQAZQByAF8AMQAzAC4AcABkAGYADwAaAAwATQBhAGMAaQBuAHQAbwBzAGgAIABIAEQAEgAkVXNlcnMvY2hyaXNhaG4vcGFwZXJzL3N0cmFkZXJfMTMucGRmABMAAS8AABUAAgAP//8AAIAG0hscHR5aJGNsYXNzbmFtZVgkY2xhc3Nlc11OU011dGFibGVEYXRhox0fIFZOU0RhdGFYTlNPYmplY3TSGxwiI1xOU0RpY3Rpb25hcnmiIiBfEA9OU0tleWVkQXJjaGl2ZXLRJidUcm9vdIABAAgAEQAaACMALQAyADcAQABGAE0AVQBgAGcAagBsAG4AcQBzAHUAdwCEAI4AqQCuALYCMgI0AjkCRAJNAlsCXwJmAm8CdAKBAoQClgKZAp4AAAAAAAACAQAAAAAAAAAoAAAAAAAAAAAAAAAAAAACoA==},
	Bdsk-Url-1 = {http://dx.doi.org/10.1088/2041-8205/775/1/L6}}
@ARTICLE{tollerud11,
   author = {{Tollerud}, E.~J. and {Bullock}, J.~S. and {Graves}, G.~J. and 
	{Wolf}, J.},
    title = "{From Galaxy Clusters to Ultra-faint Dwarf Spheroidals: A Fundamental Curve Connecting Dispersion-supported Galaxies to Their Dark Matter Halos}",
  journal = {\apj},
archivePrefix = "arXiv",
   eprint = {1007.5311},
 primaryClass = "astro-ph.CO",
 keywords = {dark matter, galaxies: clusters: general, galaxies: dwarf, galaxies: elliptical and lenticular, cD, galaxies: fundamental parameters, Local Group},
     year = 2011,
    month = jan,
   volume = 726,
      eid = {108},
    pages = {108},
      doi = {10.1088/0004-637X/726/2/108},
   adsurl = {http://adsabs.harvard.edu/abs/2011ApJ...726..108T},
  adsnote = {Provided by the SAO/NASA Astrophysics Data System}
}

@article{vandenbosch08,
	Adsnote = {Provided by the SAO/NASA Astrophysics Data System},
	Adsurl = {http://adsabs.harvard.edu/abs/2008MNRAS.385..647V},
	Archiveprefix = {arXiv},
	Author = {{van den Bosch}, R.~C.~E. and {van de Ven}, G. and {Verolme}, E.~K. and {Cappellari}, M. and {de Zeeuw}, P.~T.},
	Doi = {10.1111/j.1365-2966.2008.12874.x},
	Eprint = {0712.0113},
	Journal = {\mnras},
	Keywords = {galaxies: elliptical and lenticular, cD, galaxies: kinematics and dynamics, galaxies: structure},
	Month = apr,
	Pages = {647-666},
	Title = {{Triaxial orbit based galaxy models with an application to the (apparent) decoupled core galaxy NGC 4365}},
	Volume = 385,
	Year = 2008,
	Bdsk-Url-1 = {http://dx.doi.org/10.1111/j.1365-2966.2008.12874.x}}
@ARTICLE{vandenbosch16,
   author = {{van den Bosch}, R.~C.~E.},
    title = "{Unification of the fundamental plane and Super Massive Black Hole Masses}",
  journal = {\apj},
archivePrefix = "arXiv",
   eprint = {1606.01246},
 keywords = {catalogs, galaxies: bulges, galaxies: fundamental parameters, galaxies: kinematics and dynamics, gravitation, quasars: supermassive black holes },
     year = 2016,
    month = nov,
   volume = 831,
      eid = {134},
    pages = {134},
      doi = {10.3847/0004-637X/831/2/134},
   adsurl = {http://adsabs.harvard.edu/abs/2016ApJ...831..134V},
  adsnote = {Provided by the SAO/NASA Astrophysics Data System}
}
	
@ARTICLE{vandermarel10,
   author = {{van der Marel}, R.~P. and {Anderson}, J.},
    title = "{New Limits on an Intermediate-Mass Black Hole in Omega Centauri. II. Dynamical Models}",
  journal = {\apj},
archivePrefix = "arXiv",
   eprint = {0905.0638},
 primaryClass = "astro-ph.GA",
 keywords = {globular clusters: individual: omega Centauri, stars: kinematics and dynamics},
     year = 2010,
    month = feb,
   volume = 710,
    pages = {1063-1088},
      doi = {10.1088/0004-637X/710/2/1063},
   adsurl = {http://adsabs.harvard.edu/abs/2010ApJ...710.1063V},
  adsnote = {Provided by the SAO/NASA Astrophysics Data System}
}

@article{vandokkum10,
	Adsnote = {Provided by the SAO/NASA Astrophysics Data System},
	Adsurl = {http://adsabs.harvard.edu/abs/2010Natur.468..940V},
	Archiveprefix = {arXiv},
	Author = {{van Dokkum}, P.~G. and {Conroy}, C.},
	Doi = {10.1038/nature09578},
	Eprint = {1009.5992},
	Journal = {\nat},
	Month = dec,
	Pages = {940-942},
	Title = {{A substantial population of low-mass stars in luminous elliptical galaxies}},
	Volume = 468,
	Year = 2010,
	Bdsk-Url-1 = {http://dx.doi.org/10.1038/nature09578}}
@ARTICLE{verolme02,
   author = {{Verolme}, E.~K. and {Cappellari}, M. and {Copin}, Y. and {van der Marel}, R.~P. and 
	{Bacon}, R. and {Bureau}, M. and {Davies}, R.~L. and {Miller}, B.~M. and 
	{de Zeeuw}, P.~T.},
    title = "{A SAURON study of M32: measuring the intrinsic flattening and the central black hole mass}",
  journal = {\mnras},
   eprint = {astro-ph/0201086},
 keywords = {methods: data analysis, techniques: spectroscopic, galaxies: elliptical and lenticular, cD, galaxies: individual: M32, galaxies: kinematics and dynamics, galaxies: structure},
     year = 2002,
    month = sep,
   volume = 335,
    pages = {517-525},
      doi = {10.1046/j.1365-8711.2002.05664.x},
   adsurl = {http://adsabs.harvard.edu/abs/2002MNRAS.335..517V},
  adsnote = {Provided by the SAO/NASA Astrophysics Data System}
}

@article{volonteri10,
	Adsnote = {Provided by the SAO/NASA Astrophysics Data System},
	Adsurl = {http://adsabs.harvard.edu/abs/2010A%26ARv..18..279V},
	Archiveprefix = {arXiv},
	Author = {{Volonteri}, M.},
	Doi = {10.1007/s00159-010-0029-x},
	Eprint = {1003.4404},
	Journal = {\aapr},
	Keywords = {Black hole physics, Galaxies: formation, Cosmology: theory, Quasars, Galaxies: evolution},
	Month = jul,
	Pages = {279-315},
	Primaryclass = {astro-ph.CO},
	Title = {{Formation of supermassive black holes}},
	Volume = 18,
	Year = 2010,
	Bdsk-Url-1 = {http://dx.doi.org/10.1007/s00159-010-0029-x}}
@ARTICLE{wallace96,
   author = {{Wallace}, L. and {Hinkle}, K.},
    title = "{High-Resolution Spectra of Ordinary Cool Stars in the K Band}",
  journal = {\apjs},
 keywords = {ATLASES, INFRARED: STARS, LINE: IDENTIFICATION, STARS: LATE-TYPE},
     year = 1996,
    month = nov,
   volume = 107,
    pages = {312},
      doi = {10.1086/192367},
   adsurl = {http://adsabs.harvard.edu/abs/1996ApJS..107..312W},
  adsnote = {Provided by the SAO/NASA Astrophysics Data System}
}
